1503537654749Poloniex	BID	0.05473782	0.09697208
1503537654749Bitfinex	ASK	0.05475	89.61433126
1503538523334Poloniex	BID	0.0547509	0.18521533
1503538523334Bitfinex	ASK	0.054751	0.01156859
1503538537767Poloniex	BID	0.05475089	0.66373858
1503538537767Bitfinex	ASK	0.054751	0.01038182
1503538554611Poloniex	BID	0.05475089	0.76796128
1503538554611Bitfinex	ASK	0.054751	0.0117513
1503538798729Poloniex	BID	0.05461242	0.09975
1503538798729Bitfinex	ASK	0.054726	21.13214897
1503538798729Bitfinex	ASK	0.0547	552.2121470000001
1503539169558Poloniex	BID	0.05461329	1.048459
1503539169558Bitfinex	ASK	0.054726	47.25272457999999
1503539169558Bitfinex	ASK	0.0547	749.3067163700002
1503539169558Bitfinex	ASK	0.054623	2.0
1503539547299Poloniex	BID	0.05477476	4.93138136
1503539547299Poloniex	BID	0.05477478	0.38512629
1503539547299Poloniex	BID	0.05477528	0.00736522
1503539547299Bitfinex	ASK	0.0548	49.0
1503539609913Poloniex	BID	0.05477458	4.93138136
1503539609913Poloniex	BID	0.0547746	0.30820739
1503539609913Bitfinex	ASK	0.054801	2.01669438
1503539693649Poloniex	BID	0.05477429	0.2908224
1503539693649Poloniex	BID	0.0547743	4.93138136
1503539693649Poloniex	BID	0.05477432	5.722
1503539693649Poloniex	BID	0.05477434	3.29241124
1503539693649Bitfinex	ASK	0.054801	1.94432923
1503539696799Poloniex	BID	0.05477434	3.29241124
1503539696799Bitfinex	ASK	0.054802	3.37840235
1503539697623Poloniex	BID	0.05477429	0.2908224
1503539697623Bitfinex	ASK	0.054803	3.28764047
1503539705591Poloniex	BID	0.05477427	4.93138136
1503539705591Bitfinex	ASK	0.054802	4.71235953
1503539708291Poloniex	BID	0.05477426	0.01039376
1503539708291Bitfinex	ASK	0.054804	0.73304354
1503539708291Bitfinex	ASK	0.054803	10.46410388
1503539711075Poloniex	BID	0.05477424	4.93138136
1503539711075Bitfinex	ASK	0.054804	4.02068401
1503539712557Poloniex	BID	0.05477423	0.23306016
1503539712557Bitfinex	ASK	0.054804	12.02068401
1503539717219Poloniex	BID	0.05477426	0.01039376
1503539717219Bitfinex	ASK	0.054804	21.96440228
1503539724268Poloniex	BID	0.05477421	4.93138136
1503539724268Bitfinex	ASK	0.054804	27.195761020000003
1503539724611Poloniex	BID	0.05477422	0.01039376
1503539724611Bitfinex	ASK	0.05482	2.9304285
1503539727794Poloniex	BID	0.05477419	4.93138136
1503539727794Bitfinex	ASK	0.054801	4.71235953
1503539732511Poloniex	BID	0.0547742	0.01039376
1503539732511Bitfinex	ASK	0.054804	32.427407210000005
1503539741196Poloniex	BID	0.05477417	4.93138136
1503539741196Poloniex	BID	0.05477418	0.01039376
1503539741196Bitfinex	ASK	0.054804	37.65936850000001
1503539780465Poloniex	BID	0.05460777	0.02078002
1503539780465Bitfinex	ASK	0.054745	0.46422103
1503539780465Bitfinex	ASK	0.054609	2.0
1503539796486Poloniex	BID	0.05472249	1.88952841
1503539796486Bitfinex	ASK	0.054821	0.46827121
1503539796486Bitfinex	ASK	0.054805	4.71235953
1503540078714Bitfinex	BID	0.055151	0.50970156
1503540078714Bitfinex	BID	0.055152	0.57235483
1503540078714Bitfinex	BID	0.055153	21.66793853
1503540078714Bitfinex	BID	0.055174	34.13244881000001
1503540078714Poloniex	ASK	0.0552	19.04086394
1503540087950Bitfinex	BID	0.055185	0.03177795
1503540087950Poloniex	ASK	0.0552	19.04086394
1503540091472Bitfinex	BID	0.055192	10.55002409
1503540091472Poloniex	ASK	0.0552	19.04086394
1503540099932Bitfinex	BID	0.05517	10.55002409
1503540099932Bitfinex	BID	0.055171	0.36729055
1503540099932Poloniex	ASK	0.05520001	0.01009622
1503540100425Bitfinex	BID	0.055192	0.86834703
1503540100425Poloniex	ASK	0.0552	19.04086394
1503540102218Bitfinex	BID	0.055159	0.18717873
1503540102218Bitfinex	BID	0.055169	0.355925
1503540102218Poloniex	ASK	0.0552	19.04086394
1503540111675Bitfinex	BID	0.055153	0.3716354
1503540111675Bitfinex	BID	0.055154	10.55002409
1503540111675Bitfinex	BID	0.055174	34.17430729000001
1503540111675Poloniex	ASK	0.0552	19.04086394
1503540120337Bitfinex	BID	0.055153	11.293294900000001
1503540120337Poloniex	ASK	0.05523	3.94959859
1503540120337Poloniex	ASK	0.0552	19.04086394
1503540125249Bitfinex	BID	0.055152	0.37881549
1503540125249Bitfinex	BID	0.055153	21.84331899
1503540125249Poloniex	ASK	0.0552	19.04086394
1503540126421Bitfinex	BID	0.055192	0.35135125
1503540126421Bitfinex	BID	0.055193	262.60768319
1503540126421Poloniex	ASK	0.0552	19.04086394
1503540138875Bitfinex	BID	0.055154	0.03177795
1503540138875Bitfinex	BID	0.05519	8.89412782
1503540138875Poloniex	ASK	0.0552	19.04086394
1503540140788Bitfinex	BID	0.055189	0.34410656
1503540140788Poloniex	ASK	0.0552	19.04086394
1503540304461Poloniex	BID	0.05483	1.59596048
1503540304461Bitfinex	ASK	0.054844	4.08567209
1503540313244Poloniex	BID	0.05483	1.59596048
1503540313244Bitfinex	ASK	0.054846	0.01093712
1503540313244Bitfinex	ASK	0.054845	4.08848803
1503540713718Poloniex	BID	0.054745	0.49925
1503540713718Bitfinex	ASK	0.054801	10.1837911
1503540713718Bitfinex	ASK	0.054751	12.38070922
1503540878596Poloniex	BID	0.054714	0.25823324
1503540878596Poloniex	BID	0.054745	0.49925
1503540878596Bitfinex	ASK	0.054802	26.109
1503540932944Poloniex	BID	0.054745	0.49925
1503540932944Bitfinex	ASK	0.054802	24.49
1503540940762Poloniex	BID	0.054745	0.49925
1503540940762Bitfinex	ASK	0.054802	25.03
1503541157769Poloniex	BID	0.05467192	0.1560221
1503541157769Bitfinex	ASK	0.054818	5.574888280000001
1503541157769Bitfinex	ASK	0.054814	8.0
1503541157769Bitfinex	ASK	0.0548	149.0
1503541157769Bitfinex	ASK	0.054701	99.19646300000001
1503541157769Bitfinex	ASK	0.0547	1423.2896371700008
1503541158855Poloniex	BID	0.05467192	0.1560221
1503541158855Bitfinex	ASK	0.054819	0.155622
1503541158855Bitfinex	ASK	0.054818	10.84661864
1503541158855Bitfinex	ASK	0.054815	0.15625004
1503542242907Poloniex	BID	0.05471839	0.0041126
1503542242907Bitfinex	ASK	0.0548	695.2838971900001
1503542242907Bitfinex	ASK	0.054725	2.0
1503542301001Poloniex	BID	0.05471839	0.0041126
1503542301001Bitfinex	ASK	0.054801	13.53871507
1503542312565Poloniex	BID	0.05471838	0.2427377
1503542312565Bitfinex	ASK	0.0548	735.9226021600001
1503542379635Poloniex	BID	0.05471815	0.5374344
1503542379635Poloniex	BID	0.05471816	0.41686466
1503542379635Poloniex	BID	0.05471838	0.2427377
1503542379635Bitfinex	ASK	0.0548	775.5613071300002
1503542523497Poloniex	BID	0.05471839	0.0041126
1503542523497Bitfinex	ASK	0.0548	814.6486370400002
1503542759703Poloniex	BID	0.05479998	4.93138136
1503542759703Poloniex	BID	0.05479999	0.41180006
1503542759703Poloniex	BID	0.0548	10.0
1503542759703Bitfinex	ASK	0.054801	7.24079617
1503542765301Poloniex	BID	0.05479996	4.93138136
1503542765301Bitfinex	ASK	0.054801	8.0
1503542792382Poloniex	BID	0.05479989	0.01040435
1503542792382Poloniex	BID	0.0547999	4.39301285
1503542792382Poloniex	BID	0.05479995	0.3371849
1503542792382Bitfinex	ASK	0.054801	4.88578033
1503542796269Poloniex	BID	0.05479988	4.39301285
1503542796269Bitfinex	ASK	0.0548	853.4274992800001
1503542801046Poloniex	BID	0.05479986	4.93127369
1503542801046Bitfinex	ASK	0.054802	3.11421967
1503542804382Poloniex	BID	0.05479985	0.42271372
1503542804382Poloniex	BID	0.05479987	0.01040435
1503542804382Bitfinex	ASK	0.054803	2.01992912
1503542808189Poloniex	BID	0.05479984	0.26662504
1503542808189Bitfinex	ASK	0.054804	1.6663747
1503542840624Poloniex	BID	0.05469994	4.93127369
1503542840624Poloniex	BID	0.05469996	0.26662504
1503542840624Poloniex	BID	0.05469997	2.16964055
1503542840624Poloniex	BID	0.0547	10.0
1503542840624Bitfinex	ASK	0.054801	1.50571964
1503542844846Poloniex	BID	0.05469996	0.01040435
1503542844846Bitfinex	ASK	0.054801	3.11421967
1503543027582Poloniex	BID	0.05455062	0.58174923
1503543027582Poloniex	BID	0.05455063	0.14009104
1503543027582Poloniex	BID	0.05456062	0.26662504
1503543027582Poloniex	BID	0.05456063	0.49008081
1503543027582Poloniex	BID	0.05456064	0.00598488
1503543027582Poloniex	BID	0.05465223	4.31959265
1503543027582Poloniex	BID	0.05465224	0.01040435
1503543027582Poloniex	BID	0.05465277	10.87432728
1503543027582Poloniex	BID	0.05465278	0.19213807
1503543027582Poloniex	BID	0.05465569	0.2831247
1503543027582Poloniex	BID	0.05469082	0.3267733
1503543027582Poloniex	BID	0.05469315	0.11263097
1503543027582Poloniex	BID	0.05471359	0.08314829
1503543027582Poloniex	BID	0.05475388	1.04334
1503543027582Poloniex	BID	0.05477663	37.59607547
1503543027582Poloniex	BID	0.05477664	8.58528934
1503543027582Bitfinex	ASK	0.0548	892.0963615200001
1503543031703Poloniex	BID	0.05455062	0.58174923
1503543031703Bitfinex	ASK	0.0548	930.6199069
1503543088515Poloniex	BID	0.05455063	0.8339145
1503543088515Poloniex	BID	0.05465275	2.64107518
1503543088515Poloniex	BID	0.05465277	10.87432728
1503543088515Poloniex	BID	0.05477661	37.59607547
1503543088515Poloniex	BID	0.05477662	8.58528934
1503543088515Bitfinex	ASK	0.0548	968.7355122800001
1503543121245Poloniex	BID	0.05456064	0.00598488
1503543121245Poloniex	BID	0.0546527	2.64107518
1503543121245Poloniex	BID	0.05477661	42.56535896
1503543121245Bitfinex	ASK	0.0548	1006.22366294
1503543312098Poloniex	BID	0.05465276	0.84473042
1503543312098Poloniex	BID	0.05469079	1.11302634
1503543312098Poloniex	BID	0.05473454	2.83121916
1503543312098Poloniex	BID	0.05475387	10.87432728
1503543312098Poloniex	BID	0.05479996	43.99025603
1503543312098Bitfinex	ASK	0.0548	1043.5281095
1503543426730Poloniex	BID	0.05469999	0.80495047
1503543426730Poloniex	BID	0.0547	10.0
1503543426730Poloniex	BID	0.05479998	39.21105341
1503543426730Poloniex	BID	0.05479999	10.87432728
1503543426730Bitfinex	ASK	0.054801	0.02246011
1503543444313Poloniex	BID	0.05473453	10.87432728
1503543444313Bitfinex	ASK	0.054802	3.11421967
1503543877758Poloniex	BID	0.0546706	0.20607593
1503543877758Bitfinex	ASK	0.054701	130.088779
1503543877758Bitfinex	ASK	0.054686	2.0
1503543960364Poloniex	BID	0.05479999	0.22534492
1503543960364Bitfinex	ASK	0.054801	0.08796143
1503544131591Poloniex	BID	0.05465327	0.3001615
1503544131591Poloniex	BID	0.05479999	0.22527423
1503544131591Poloniex	BID	0.0548	10.0
1503544131591Bitfinex	ASK	0.054801	0.18679139
1503544622379Bitfinex	BID	0.054816	1.40798636
1503544622379Poloniex	ASK	0.05486114	0.21552498
1503544622379Poloniex	ASK	0.05486113	0.61898787
1503544622379Poloniex	ASK	0.05486108	0.00747142
1503544622379Poloniex	ASK	0.05486086	0.0546838
1503544848090Bitfinex	BID	0.054601	0.67215905
1503544848090Poloniex	ASK	0.05469	3.69787511
1503544885581Bitfinex	BID	0.05435	3.39660311
1503544885581Poloniex	ASK	0.05439959	0.25229644
1503544885581Poloniex	ASK	0.05438768	0.01917333
1503544885581Poloniex	ASK	0.05436239	14.59309389
1503544886619Bitfinex	BID	0.05435	3.88975867
1503544886619Poloniex	ASK	0.05439959	0.25229644
1503545172790Bitfinex	BID	0.05488	0.34259782
1503545172790Bitfinex	BID	0.054881	5.667
1503545172790Bitfinex	BID	0.054882	5.46501928
1503545172790Bitfinex	BID	0.054894	7.76637174
1503545172790Poloniex	ASK	0.05491191	0.46708079
1503545372273Bitfinex	BID	0.054773	1.0E-4
1503545372273Bitfinex	BID	0.054774	0.09371
1503545372273Bitfinex	BID	0.054884	2.82162254
1503545372273Bitfinex	BID	0.054885	1.82621876
1503545372273Bitfinex	BID	0.054896	2.24185154
1503545372273Poloniex	ASK	0.05491	0.09983649
1503546642246Poloniex	BID	0.054684	0.5
1503546642246Bitfinex	ASK	0.0547	50.0
1503546959205Poloniex	BID	0.05468474	0.009624
1503546959205Bitfinex	ASK	0.054704	2.25253148
1503546959205Bitfinex	ASK	0.0547	150.79720964
1503546959205Bitfinex	ASK	0.054686	0.01002963
1503546980168Poloniex	BID	0.05483285	4.93044329
1503546980168Poloniex	BID	0.05483287	4.55748274
1503546980168Bitfinex	ASK	0.054924	0.01
1503547098899Poloniex	BID	0.05460607	0.09027719
1503547098899Bitfinex	ASK	0.0547	173.89326799
1503547215399Poloniex	BID	0.05468716	0.18400664
1503547215399Bitfinex	ASK	0.054702	0.29561538
1503547684524Poloniex	BID	0.05463486	0.0104
1503547684524Bitfinex	ASK	0.054702	7.9777
1503547684524Bitfinex	ASK	0.0547	304.89861543
1503547738684Poloniex	BID	0.05463485	0.09944225
1503547738684Bitfinex	ASK	0.054704	7.9777
1503548108728Poloniex	BID	0.05463488	0.0100938
1503548108728Bitfinex	ASK	0.054701	0.08698462
1503548108728Bitfinex	ASK	0.0547	358.83551613000003
1503548186633Poloniex	BID	0.05463488	0.0100938
1503548186633Poloniex	BID	0.0546349	0.0897
1503548186633Bitfinex	ASK	0.054701	0.15391784
1503548193862Poloniex	BID	0.05463488	0.0100938
1503548193862Bitfinex	ASK	0.054701	0.25557325000000003
1503548378727Poloniex	BID	0.05463491	3.29449643
1503548378727Bitfinex	ASK	0.054708	0.06623236
1503548378727Bitfinex	ASK	0.054707	7.9777
1503548387603Poloniex	BID	0.05463491	3.29449643
1503548387603Bitfinex	ASK	0.054709	7.9777
1503548387603Bitfinex	ASK	0.054701	0.06803092
1503548410669Poloniex	BID	0.05463491	3.29449643
1503548410669Bitfinex	ASK	0.054714	0.06475455
1503548410669Bitfinex	ASK	0.054713	7.9777
1503548419327Poloniex	BID	0.05463491	3.29449643
1503548419327Bitfinex	ASK	0.054701	0.07006493
1503549488822Poloniex	BID	0.05491337	3.84502507
1503549488822Poloniex	BID	0.05491338	1.37670742
1503549488822Poloniex	BID	0.05491391	1.27153988
1503549488822Bitfinex	ASK	0.054983	0.43
1503549529642Poloniex	BID	0.05491333	1.37670742
1503549529642Bitfinex	ASK	0.054983	1.46
1503550055660Bitfinex	BID	0.054999	3.759
1503550055660Poloniex	ASK	0.055	0.00240091
1503550056926Bitfinex	BID	0.054999	3.222
1503550056926Poloniex	ASK	0.05500001	1.09632839
1503550981904Bitfinex	BID	0.055	355.57031121
1503550981904Poloniex	ASK	0.05509828	0.46088055
1503550983406Bitfinex	BID	0.05503	0.20193792
1503550983406Poloniex	ASK	0.05509828	0.46088055
1503550984832Bitfinex	BID	0.055052	0.20193697
1503550984832Poloniex	ASK	0.05509828	0.46088055
1503550985523Bitfinex	BID	0.055054	0.20193534
1503550985523Poloniex	ASK	0.05509828	0.46088055
1503550989291Bitfinex	BID	0.055053	0.20193274
1503550989291Poloniex	ASK	0.05509828	0.46088055
1503551016811Bitfinex	BID	0.055	370.94522098
1503551016811Poloniex	ASK	0.05509828	0.46088055
1503551103418Bitfinex	BID	0.05495	5.16603502
1503551103418Poloniex	ASK	0.0550083	0.89436414
1503551103418Poloniex	ASK	0.05500829	1.80790088
1503552054760Poloniex	BID	0.05468381	0.01905733
1503552054760Bitfinex	ASK	0.054708	0.62841505
1503552054760Bitfinex	ASK	0.054705	186.24662652
1503552054760Bitfinex	ASK	0.0547	928.8299655200004
1503552074163Poloniex	BID	0.05468381	0.3
1503552074163Bitfinex	ASK	0.054708	1.23133532
1503552449799Poloniex	BID	0.05468377	0.00591453
1503552449799Poloniex	BID	0.05468379	0.05337736
1503552449799Bitfinex	ASK	0.054708	1.7937714999999999
1503553118233Poloniex	BID	0.05470047	1.93776867
1503553118233Bitfinex	ASK	0.054741	0.42522113
1503553118233Bitfinex	ASK	0.05474	4.7460137
1503553130524Poloniex	BID	0.05470047	1.93776867
1503553130524Bitfinex	ASK	0.054742	1.0E-4
1503553146539Poloniex	BID	0.05470047	1.93776867
1503553146539Bitfinex	ASK	0.054743	1.16922113
1503553907218Poloniex	BID	0.05469116	0.03034714
1503553907218Bitfinex	ASK	0.05474	20.35574496
1503554074731Poloniex	BID	0.05463488	0.61426666
1503554074731Bitfinex	ASK	0.05474	22.08155704
1503554178604Poloniex	BID	0.05463477	0.18330349
1503554178604Poloniex	BID	0.05463488	0.61426666
1503554178604Bitfinex	ASK	0.05474	23.08365812
1503554329743Poloniex	BID	0.05469116	0.03034714
1503554329743Bitfinex	ASK	0.054741	1.0E-4
1503554667688Poloniex	BID	0.05464001	0.01577307
1503554667688Bitfinex	ASK	0.0547	966.6379375800005
1503554679447Poloniex	BID	0.05464001	0.01577307
1503554679447Bitfinex	ASK	0.0547	978.5741602200005
1503554717201Poloniex	BID	0.05464	1.997
1503554717201Poloniex	BID	0.05464001	0.01577307
1503554717201Bitfinex	ASK	0.0547	989.1810948600005
1503554755451Poloniex	BID	0.05463999	0.01026318
1503554755451Poloniex	BID	0.05464001	0.01577307
1503554755451Bitfinex	ASK	0.0547	999.2612495000005
1503554840985Poloniex	BID	0.05460001	4.11942045
1503554840985Bitfinex	ASK	0.0547	1009.3202104800006
1503554875446Poloniex	BID	0.0546	1.48585547
1503554875446Poloniex	BID	0.05460001	4.11942045
1503554875446Bitfinex	ASK	0.0547	1017.9978124600005
1503554930002Poloniex	BID	0.05459999	0.01026318
1503554930002Poloniex	BID	0.0546	1.48585547
1503554930002Poloniex	BID	0.05460001	4.11942045
1503554930002Bitfinex	ASK	0.054701	1.0E-4
1503555006583Poloniex	BID	0.05459999	0.01026318
1503555006583Bitfinex	ASK	0.0547	1026.6253258500005
1503555111057Poloniex	BID	0.05459968	0.54335349
1503555111057Poloniex	BID	0.05459969	0.63005968
1503555111057Poloniex	BID	0.05459999	0.01026318
1503555111057Bitfinex	ASK	0.0547	1034.9189421300005
1503555249048Poloniex	BID	0.05458013	0.53284845
1503555249048Poloniex	BID	0.05458014	0.97507195
1503555249048Poloniex	BID	0.05459935	0.99941117
1503555249048Poloniex	BID	0.05459969	0.63005968
1503555249048Poloniex	BID	0.05459999	0.01026318
1503555249048Bitfinex	ASK	0.0547	1043.0432514100005
1503555366405Poloniex	BID	0.05457999	1.36550414
1503555366405Poloniex	BID	0.05458	0.36905511
1503555366405Poloniex	BID	0.05458013	0.25347008
1503555366405Poloniex	BID	0.05458015	0.33232919
1503555366405Poloniex	BID	0.05459969	0.63005968
1503555366405Bitfinex	ASK	0.0547	1051.0956947600005
1503555468643Poloniex	BID	0.05458014	0.97507195
1503555468643Bitfinex	ASK	0.0547	1057.7676011100004
1503555529324Poloniex	BID	0.05458014	0.97507195
1503555529324Bitfinex	ASK	0.054701	1.0E-4
1503555625744Poloniex	BID	0.05451886	0.06118841
1503555625744Poloniex	BID	0.05451887	0.51100193
1503555625744Poloniex	BID	0.05456248	0.63005968
1503555625744Poloniex	BID	0.05457591	0.34542359
1503555625744Poloniex	BID	0.05458013	0.80549263
1503555625744Poloniex	BID	0.05459969	0.63005968
1503555625744Bitfinex	ASK	0.0547	1063.2984454600005
1503555693229Poloniex	BID	0.05447201	0.20154693
1503555693229Poloniex	BID	0.05451886	1.00320609
1503555693229Poloniex	BID	0.05451887	0.06726465
1503555693229Poloniex	BID	0.05453888	3.83987234
1503555693229Poloniex	BID	0.05456248	0.63005968
1503555693229Poloniex	BID	0.05459933	4.93126505
1503555693229Bitfinex	ASK	0.0547	1064.7206058100005
1503555693595Poloniex	BID	0.05453888	3.83987234
1503555693595Bitfinex	ASK	0.0547	1065.1395601600004
1503556923467Poloniex	BID	0.05440008	0.09642778
1503556923467Bitfinex	ASK	0.054415	14.829
1503556923467Bitfinex	ASK	0.054414	44.1968444
1503556949472Poloniex	BID	0.05440008	0.09642778
1503556949472Bitfinex	ASK	0.054428	4.46613779
1503556949472Bitfinex	ASK	0.054419	5.68182185
1503556949472Bitfinex	ASK	0.054418	14.855
1503556982273Poloniex	BID	0.05440008	0.09642778
1503556982273Bitfinex	ASK	0.054428	20.29292718
1503556982273Bitfinex	ASK	0.05442	14.305
1503557111556Poloniex	BID	0.05486371	0.18997486
1503557111556Bitfinex	ASK	0.054889	1.5773091799999999
1503557517479Poloniex	BID	0.05481945	0.71718979
1503557517479Bitfinex	ASK	0.054827	0.0298
1503557817373Bitfinex	BID	0.054889	150.1763407
1503557817373Bitfinex	BID	0.05489	0.65205537
1503557817373Poloniex	ASK	0.05499879	17.02899288
1503557861576Bitfinex	BID	0.054889	150.45976815
1503557861576Poloniex	ASK	0.05499879	17.02899288
1503557997421Bitfinex	BID	0.055	1384.9694056900007
1503557997421Poloniex	ASK	0.05500001	0.48061106
1503558072689Bitfinex	BID	0.055	1393.9907950700008
1503558072689Poloniex	ASK	0.05505573	0.44019698
1503558072689Poloniex	ASK	0.05505572	0.95838604
1503558110352Bitfinex	BID	0.05499	1.78969518
1503558110352Bitfinex	BID	0.055	1401.2224892700008
1503558110352Poloniex	ASK	0.05505573	0.44019698
1503558123744Bitfinex	BID	0.055	1406.439063650001
1503558123744Poloniex	ASK	0.05505572	0.95838604
1503558262108Bitfinex	BID	0.055	1411.6971417500008
1503558262108Poloniex	ASK	0.0550001	5.93730165
1503558262108Poloniex	ASK	0.05500009	8.83542747
1503558262108Poloniex	ASK	0.05500001	0.61725816
1503558302514Bitfinex	BID	0.05496	7.60103388
1503558302514Poloniex	ASK	0.05500006	4.95282738
1503558302514Poloniex	ASK	0.05500005	8.83542747
1503558326399Bitfinex	BID	0.055	1423.8700729600007
1503558326399Poloniex	ASK	0.05500012	4.04581715
1503558326399Poloniex	ASK	0.05500011	7.92061766
1503558337281Bitfinex	BID	0.055	1430.6566787200006
1503558337281Poloniex	ASK	0.05500002	4.19396041
1503558338678Bitfinex	BID	0.055	1437.4232844800006
1503558338678Poloniex	ASK	0.05500003	4.43880144
1503558338678Poloniex	ASK	0.05500001	0.61725816
1503558889011Bitfinex	BID	0.055193	493.0342581100004
1503558889011Poloniex	ASK	0.0552	7.8932526
1503558892572Bitfinex	BID	0.055193	493.8745754800004
1503558892572Poloniex	ASK	0.05520001	3.88966418
1503558895355Bitfinex	BID	0.055193	494.6948928500004
1503558895355Poloniex	ASK	0.05521425	0.08204594
1503558895355Poloniex	ASK	0.05520001	3.88966418
1503558954139Bitfinex	BID	0.055193	494.6948979000004
1503558954139Poloniex	ASK	0.05533344	3.7995961
1503558954139Poloniex	ASK	0.05521441	3.80604647
1503558954139Poloniex	ASK	0.0552144	4.90094987
1503558954139Poloniex	ASK	0.05521438	3.80674532
1503558978873Bitfinex	BID	0.05542	0.18472422
1503558978873Poloniex	ASK	0.05546848	3.77801452
1503558978873Poloniex	ASK	0.05546847	5.68921581
1503558982442Bitfinex	BID	0.0554	0.01
1503558982442Poloniex	ASK	0.05546848	3.77801452
1503559234787Bitfinex	BID	0.05534	0.22267743
1503559234787Poloniex	ASK	0.05546849	2.16540266
1503559234787Poloniex	ASK	0.05546848	0.00785095
1503559235471Poloniex	BID	0.0554685	0.30043565
1503559235471Bitfinex	ASK	0.05548	0.01352
1503559954621Bitfinex	BID	0.0552	0.247029
1503559954621Poloniex	ASK	0.055211	5.96829733
1503559954621Poloniex	ASK	0.05521099	0.26845121
1503561683596Bitfinex	BID	0.055014	0.73357516
1503561683596Poloniex	ASK	0.05504202	0.05
1503561683596Poloniex	ASK	0.05501712	0.00791535
1503561901755Bitfinex	BID	0.05496	1.17135097
1503561901755Poloniex	ASK	0.05501004	1.45427998
1503562059040Poloniex	BID	0.05501004	0.56477842
1503562059040Bitfinex	ASK	0.055014	0.26642484
1503562225168Poloniex	BID	0.0546	0.89670982
1503562225168Bitfinex	ASK	0.054889	6.79274604
1503562225168Bitfinex	ASK	0.054784	4.0
1503562225168Bitfinex	ASK	0.054738	2.995
1503562225168Bitfinex	ASK	0.054736	10.90599999
1503562225168Bitfinex	ASK	0.054734	2.75730809
1503562225168Bitfinex	ASK	0.054657	4.0
1503562229593Poloniex	BID	0.0546	0.89670982
1503562229593Bitfinex	ASK	0.054784	6.299727020000001
1503562302334Poloniex	BID	0.05466934	0.05301846
1503562302334Bitfinex	ASK	0.054736	2.29972702
1503562312875Poloniex	BID	0.05466929	0.00305735
1503562312875Bitfinex	ASK	0.054699	2.29972702
1503562316717Poloniex	BID	0.05465	0.19533887
1503562316717Bitfinex	ASK	0.054661	2.29972702
1503562354369Poloniex	BID	0.05464998	4.92204661
1503562354369Bitfinex	ASK	0.054662	3.277
1503562373753Poloniex	BID	0.05464996	4.92204661
1503562373753Poloniex	BID	0.05464998	8.1234092
1503562373753Bitfinex	ASK	0.054662	2.76020611
1503562385353Poloniex	BID	0.05464994	4.92204661
1503562385353Bitfinex	ASK	0.054662	5.51992931
1503562398039Poloniex	BID	0.0546499	4.73053512
1503562398039Poloniex	BID	0.05464994	8.1234092
1503562398039Bitfinex	ASK	0.054662	2.75978618
1503562515596Poloniex	BID	0.0545655	0.18626327
1503562515596Bitfinex	ASK	0.054601	5.52866693
1503562520890Poloniex	BID	0.05463291	0.47228755
1503562520890Bitfinex	ASK	0.054661	4.49907614
1503562524423Poloniex	BID	0.0545655	0.18626327
1503562524423Bitfinex	ASK	0.054568	1201.1049665700002
1503562529832Poloniex	BID	0.05456548	4.73053512
1503562529832Bitfinex	ASK	0.054568	1211.6529805700002
1503562545978Poloniex	BID	0.05425906	85.37329996
1503562545978Bitfinex	ASK	0.05447	6.76911381
1503562545978Bitfinex	ASK	0.054387	4.0
1503562545978Bitfinex	ASK	0.054321	16.164
1503562546308Poloniex	BID	0.05425906	85.37329996
1503562546308Bitfinex	ASK	0.05447	9.53822762
1503562548044Poloniex	BID	0.05425906	85.37329996
1503562548044Bitfinex	ASK	0.054568	1216.5168715700001
1503562748817Poloniex	BID	0.0543	2.0
1503562748817Bitfinex	ASK	0.0544	2296.7608476700016
1503562748817Bitfinex	ASK	0.054321	5.21697309
1503562755312Poloniex	BID	0.0541059	0.06336006
1503562755312Bitfinex	ASK	0.054121	24.51498535
1503562757407Poloniex	BID	0.0541059	0.06336006
1503562757407Poloniex	BID	0.05429999	0.52132443
1503562757407Bitfinex	ASK	0.054321	7.826312809999999
1503562759537Poloniex	BID	0.05398797	2.7305024
1503562759537Bitfinex	ASK	0.0544	2300.4111905300015
1503562762696Poloniex	BID	0.05429995	0.53593929
1503562762696Poloniex	BID	0.05429996	4.92120442
1503562762696Bitfinex	ASK	0.0544	2301.5879973900014
1503562767315Poloniex	BID	0.05396	0.43698343
1503562767315Bitfinex	ASK	0.053973	2.0
1503562768339Poloniex	BID	0.05398796	2.74240414
1503562768339Poloniex	BID	0.05398797	66.04109903
1503562768339Poloniex	BID	0.05429993	4.92120442
1503562768339Poloniex	BID	0.05429994	0.26892352
1503562768339Bitfinex	ASK	0.0544	2302.7340860900013
1503562769407Poloniex	BID	0.05398796	2.74240414
1503562769407Bitfinex	ASK	0.054143	2.61257517
1503562770499Poloniex	BID	0.0538493	0.01454999
1503562770499Bitfinex	ASK	0.054144	24.51521053
1503562770499Bitfinex	ASK	0.053973	2.0
1503562781362Poloniex	BID	0.05398795	4.89981594
1503562781362Poloniex	BID	0.05398796	43.75149882
1503562781362Poloniex	BID	0.05398797	66.04109903
1503562781362Bitfinex	ASK	0.054387	6.79381611
1503562785598Poloniex	BID	0.05398793	4.92120442
1503562785598Poloniex	BID	0.05398795	4.89981594
1503562785598Bitfinex	ASK	0.054387	9.354763219999999
1503562785598Bitfinex	ASK	0.054143	5.22708204
1503562786146Poloniex	BID	0.05398793	4.92120442
1503562786146Bitfinex	ASK	0.05412	153.04000636
1503562786816Poloniex	BID	0.0537	1.01043217
1503562786816Bitfinex	ASK	0.053748	7.84088466
1503562787173Poloniex	BID	0.0537	1.01043217
1503562787173Bitfinex	ASK	0.053833	0.63612273
1503562787347Poloniex	BID	0.0537	1.01043217
1503562787347Bitfinex	ASK	0.053749	29.769
1503562788244Poloniex	BID	0.0537	1.01043217
1503562788244Bitfinex	ASK	0.05375	24.57865066
1503562790313Poloniex	BID	0.05360608	0.06837468
1503562790313Bitfinex	ASK	0.053752	24.59609197
1503562790313Bitfinex	ASK	0.053751	33.882
1503562790313Bitfinex	ASK	0.05375	53.590865120000004
1503562791170Poloniex	BID	0.05360608	0.06837468
1503562791170Bitfinex	ASK	0.053753	35.363
1503562791291Poloniex	BID	0.05360608	0.06837468
1503562791291Bitfinex	ASK	0.053752	51.40888344
1503562795808Poloniex	BID	0.05398793	4.38360048
1503562795808Poloniex	BID	0.05398795	4.89981594
1503562795808Poloniex	BID	0.05398796	38.29404601
1503562795808Bitfinex	ASK	0.05412	171.57420125000002
1503562836239Poloniex	BID	0.05360611	0.092
1503562836239Bitfinex	ASK	0.053811	0.63638534
1503562836239Bitfinex	ASK	0.053694	2.0
1503562853880Poloniex	BID	0.05398764	4.93129553
1503562853880Poloniex	BID	0.05398768	0.0047986
1503562853880Poloniex	BID	0.05398782	38.29414531
1503562853880Poloniex	BID	0.05398783	13.17780891
1503562853880Poloniex	BID	0.05398784	5.93325034
1503562853880Poloniex	BID	0.05398787	0.01047189
1503562853880Poloniex	BID	0.05398798	0.069368
1503562853880Bitfinex	ASK	0.054011	3.25108392
1503562865586Poloniex	BID	0.0539876	1.91876263
1503562865586Poloniex	BID	0.05398763	0.27157439
1503562865586Poloniex	BID	0.05398783	13.17780891
1503562865586Bitfinex	ASK	0.054011	3.25147082
1503562872281Poloniex	BID	0.05398758	1.73322379
1503562872281Bitfinex	ASK	0.05412	190.06669723000002
1503562874341Poloniex	BID	0.05348	0.12551238
1503562874341Bitfinex	ASK	0.0535	24.63673316
1503562877535Poloniex	BID	0.05398753	4.93129553
1503562877535Poloniex	BID	0.05398759	0.01047189
1503562877535Bitfinex	ASK	0.054011	2.98786733
1503562888103Poloniex	BID	0.05398751	4.93129553
1503562888103Poloniex	BID	0.05398752	0.01047189
1503562888103Poloniex	BID	0.05398754	13.17780891
1503562888103Poloniex	BID	0.05398759	0.01047189
1503562888103Poloniex	BID	0.05408376	0.02797009
1503562888103Bitfinex	ASK	0.05412	207.91734821000003
1503562894469Poloniex	BID	0.05354826	0.0196
1503562894469Bitfinex	ASK	0.053746	2.50850071
1503562894469Bitfinex	ASK	0.053622	0.63862293
1503562895829Poloniex	BID	0.05354826	0.0196
1503562895829Poloniex	BID	0.0539875	0.01047189
1503562895829Bitfinex	ASK	0.05412	225.64899919000004
1503562916918Poloniex	BID	0.05398714	0.22521275
1503562916918Poloniex	BID	0.05398715	4.73215991
1503562916918Poloniex	BID	0.0539872	0.09085663
1503562916918Poloniex	BID	0.05398743	14.41319381
1503562916918Poloniex	BID	0.0539875	0.01047189
1503562916918Poloniex	BID	0.05411422	0.20964543
1503562916918Bitfinex	ASK	0.05412	243.01684517000004
1503562929127Poloniex	BID	0.05341821	3.65033154
1503562929127Bitfinex	ASK	0.053615	2.0
1503562929127Bitfinex	ASK	0.053497	0.64011815
1503562929127Bitfinex	ASK	0.053487	23.20375023
1503562929127Bitfinex	ASK	0.053486	2.2262381
1503562929127Bitfinex	ASK	0.053484	2.2263213
1503562929574Poloniex	BID	0.05341821	3.65033154
1503562929574Bitfinex	ASK	0.053488	2.2261548
1503562929943Poloniex	BID	0.05398702	13.17780891
1503562929943Bitfinex	ASK	0.05412	256.73435961
1503563008385Poloniex	BID	0.05352211	0.10792628
1503563008385Bitfinex	ASK	0.053746	5.02108413
1503563008385Bitfinex	ASK	0.053543	23.24538132
1503563008385Bitfinex	ASK	0.053542	17.1171742
1503563049948Poloniex	BID	0.05388649	0.27157439
1503563049948Poloniex	BID	0.0538865	0.88660998
1503563049948Poloniex	BID	0.05388651	0.22521275
1503563049948Poloniex	BID	0.05388653	2.08639123
1503563049948Poloniex	BID	0.05388658	0.22574931
1503563049948Poloniex	BID	0.0539225	0.02805376
1503563049948Bitfinex	ASK	0.054011	6.97374338
1503563051000Poloniex	BID	0.05388653	2.08639123
1503563051000Bitfinex	ASK	0.054011	30.220199639999997
1503563051720Poloniex	BID	0.05388647	0.22521275
1503563051720Poloniex	BID	0.05388651	0.22521275
1503563051720Bitfinex	ASK	0.054012	23.24645626
1503563052775Poloniex	BID	0.05388647	0.22521275
1503563052775Poloniex	BID	0.05388651	0.22521275
1503563052775Bitfinex	ASK	0.054013	23.24645626
1503563096770Poloniex	BID	0.05371799	0.00623821
1503563096770Bitfinex	ASK	0.053746	2.49821044
1503563112959Poloniex	BID	0.05386492	4.93138136
1503563112959Poloniex	BID	0.05386494	0.23073156
1503563112959Poloniex	BID	0.05388619	2.08639123
1503563112959Poloniex	BID	0.0538862	0.22521275
1503563112959Poloniex	BID	0.05388622	0.07157439
1503563112959Bitfinex	ASK	0.05401	49.388537819999996
1503563188343Poloniex	BID	0.05383242	0.94132821
1503563188343Poloniex	BID	0.05383243	0.02805376
1503563188343Poloniex	BID	0.05383245	4.73138136
1503563188343Poloniex	BID	0.05383248	0.02651754
1503563188343Poloniex	BID	0.05386464	0.05300934
1503563188343Poloniex	BID	0.0538648	13.17780891
1503563188343Poloniex	BID	0.05386481	4.93138136
1503563188343Poloniex	BID	0.05388622	0.07157439
1503563188343Bitfinex	ASK	0.05401	54.388537819999996
1503563300418Poloniex	BID	0.05381082	12.00253206
1503563300418Poloniex	BID	0.054	1.0
1503563300418Bitfinex	ASK	0.054011	0.06447627
1503563328111Poloniex	BID	0.05381082	12.00253206
1503563328111Bitfinex	ASK	0.054012	1.0E-4
1503563345973Poloniex	BID	0.05383248	0.02651754
1503563345973Poloniex	BID	0.05386493	0.05300934
1503563345973Bitfinex	ASK	0.054012	2.6754221
1503563357364Poloniex	BID	0.05386494	0.23073156
1503563357364Bitfinex	ASK	0.054011	2.67653649
1503563372313Poloniex	BID	0.05386494	0.23073156
1503563372313Bitfinex	ASK	0.054011	2.67592378
1503563381241Poloniex	BID	0.05386494	0.23073156
1503563381241Bitfinex	ASK	0.054011	5.35046272
1503563404118Poloniex	BID	0.05386	0.03052002
1503563404118Poloniex	BID	0.05418745	13.17780891
1503563404118Bitfinex	ASK	0.054195	1.0
1503563404897Poloniex	BID	0.05418744	3.342
1503563404897Bitfinex	ASK	0.054195	1.33
1503563596686Poloniex	BID	0.05410166	13.17780891
1503563596686Poloniex	BID	0.05416743	0.48482328
1503563596686Poloniex	BID	0.05416745	0.2087329
1503563596686Bitfinex	ASK	0.054195	1.62922363
1503563629384Poloniex	BID	0.05416735	0.48482328
1503563629384Poloniex	BID	0.05416739	0.18501089
1503563629384Bitfinex	ASK	0.054195	1.8942591500000001
1503563633258Poloniex	BID	0.053937	0.01
1503563633258Poloniex	BID	0.05400018	1.86915887
1503563633258Bitfinex	ASK	0.054011	13.358026930000001
1503563646278Poloniex	BID	0.05393699	0.92769162
1503563646278Bitfinex	ASK	0.054	6.30554609
1503564079536Poloniex	BID	0.05361728	0.25935085
1503564079536Bitfinex	ASK	0.0537	0.1
1503564099085Poloniex	BID	0.05367061	4.5248E-4
1503564099085Bitfinex	ASK	0.0537	0.15510368000000002
1503564305861Bitfinex	BID	0.05376	0.5979065100000001
1503564305861Poloniex	ASK	0.0537612	0.03720155
1503564489623Bitfinex	BID	0.05376	1.78327919
1503564489623Poloniex	ASK	0.05378167	2.36943153
1503564489623Poloniex	ASK	0.05377344	1.85965413
1503564489623Poloniex	ASK	0.05377343	0.2
1503564489623Poloniex	ASK	0.05377341	0.52070344
1503564490872Bitfinex	BID	0.05376	2.0814857
1503564490872Poloniex	ASK	0.05378167	2.36943153
1503564536158Bitfinex	BID	0.05376	2.17969221
1503564536158Poloniex	ASK	0.05378167	2.36943153
1503564587801Bitfinex	BID	0.05375	0.94350221
1503564587801Poloniex	ASK	0.05377341	0.52070344
1503565054535Poloniex	BID	0.05362002	2.80241025
1503565054535Poloniex	BID	0.05371105	0.19209954
1503565054535Poloniex	BID	0.05378168	0.31923958
1503565054535Poloniex	BID	0.05393636	4.9305205
1503565054535Poloniex	BID	0.05393638	0.24852236
1503565054535Bitfinex	ASK	0.053941	0.04125773
1503565128464Poloniex	BID	0.05378168	0.31923958
1503565128464Poloniex	BID	0.05393687	4.9305205
1503565128464Poloniex	BID	0.05393689	0.75439307
1503565128464Poloniex	BID	0.05393699	11.89443149
1503565128464Bitfinex	ASK	0.053942	1.0E-4
1503565279127Poloniex	BID	0.05372106	0.10004814
1503565279127Poloniex	BID	0.05378168	0.31923958
1503565279127Poloniex	BID	0.05393618	4.9305205
1503565279127Poloniex	BID	0.0539362	0.86203159
1503565279127Poloniex	BID	0.05393623	0.72291358
1503565279127Bitfinex	ASK	0.054	3.0
1503565360451Poloniex	BID	0.05378165	2.24844459
1503565360451Poloniex	BID	0.05378166	0.00438116
1503565360451Poloniex	BID	0.05393569	4.9305205
1503565360451Poloniex	BID	0.05393572	11.95787491
1503565360451Poloniex	BID	0.05393573	12.00679139
1503565360451Bitfinex	ASK	0.054009	4.00000001
1503565494627Poloniex	BID	0.05371105	0.54562981
1503565494627Bitfinex	ASK	0.053713	3.09
1503565502527Poloniex	BID	0.05371105	0.54562981
1503565502527Bitfinex	ASK	0.053716	10.913
1503565502527Bitfinex	ASK	0.053715	8.0
1503565526695Poloniex	BID	0.05371105	0.54562981
1503565526695Bitfinex	ASK	0.05372	9.575
1503565526695Bitfinex	ASK	0.053719	15.99999999
1503565530846Poloniex	BID	0.05371104	0.00982147
1503565530846Bitfinex	ASK	0.053721	15.99999999
1503565546172Poloniex	BID	0.05371101	0.00613146
1503565546172Bitfinex	ASK	0.053724	8.62
1503565546172Bitfinex	ASK	0.053723	15.99999999
1503565727277Poloniex	BID	0.05379471	0.22577448
1503565727277Poloniex	BID	0.05393683	2.7646547
1503565727277Poloniex	BID	0.05393684	3.66825435
1503565727277Poloniex	BID	0.0539369	11.95153972
1503565727277Poloniex	BID	0.05393696	11.95742731
1503565727277Poloniex	BID	0.053937	0.01
1503565727277Bitfinex	ASK	0.053942	1.0E-4
1503565809062Poloniex	BID	0.05371895	0.18889402
1503565809062Bitfinex	ASK	0.053793	0.06052005
1503565809062Bitfinex	ASK	0.053792	20.86832584
1503565809062Bitfinex	ASK	0.053791	5.00368653
1503565818844Poloniex	BID	0.05379471	0.22577448
1503565818844Bitfinex	ASK	0.053795	0.05883684
1503566048821Bitfinex	BID	0.053669	0.0307463
1503566048821Poloniex	ASK	0.05380471	0.00204443
1503566048821Poloniex	ASK	0.05379471	0.03107536
1503566048821Poloniex	ASK	0.0537111	0.0099524
1503566048821Poloniex	ASK	0.05367469	0.05694993
1503566211708Bitfinex	BID	0.053994	1.93349176
1503566211708Poloniex	ASK	0.05400017	0.19747034
1503566227612Bitfinex	BID	0.053994	2.01904607
1503566227612Poloniex	ASK	0.05400017	0.19747034
1503566314945Bitfinex	BID	0.054004	8.98425489
1503566314945Poloniex	ASK	0.05410167	1.12407694
1503566504347Poloniex	BID	0.05416869	0.18487919
1503566504347Poloniex	BID	0.0541687	0.87605625
1503566504347Poloniex	BID	0.0541689	0.24407099
1503566504347Bitfinex	ASK	0.054257	0.9
1503566507685Poloniex	BID	0.05416867	0.87605625
1503566507685Bitfinex	ASK	0.054257	1.76446822
1503566543143Poloniex	BID	0.054	0.0420658
1503566543143Poloniex	BID	0.05401005	0.01025638
1503566543143Poloniex	BID	0.05416836	0.87605625
1503566543143Poloniex	BID	0.0541684	11.28080149
1503566543143Poloniex	BID	0.0541686	0.51243751
1503566543143Poloniex	BID	0.05416861	11.28080149
1503566543143Bitfinex	ASK	0.054257	2.53893644
1503566548033Poloniex	BID	0.05401005	0.01025638
1503566548033Poloniex	BID	0.05416828	11.28080149
1503566548033Bitfinex	ASK	0.054257	2.87457229
1503566604013Poloniex	BID	0.05414207	2.05034469
1503566604013Poloniex	BID	0.05414215	0.47915561
1503566604013Poloniex	BID	0.05414216	0.00999868
1503566604013Poloniex	BID	0.05414219	0.21260685
1503566604013Poloniex	BID	0.0541422	0.55929718
1503566604013Poloniex	BID	0.05416817	2.05034469
1503566604013Poloniex	BID	0.0542	3.25402861
1503566604013Bitfinex	ASK	0.054242	0.33563585
1503566621273Poloniex	BID	0.05414202	0.18520914
1503566621273Poloniex	BID	0.05414203	0.4770664
1503566621273Poloniex	BID	0.05419999	5.04389852
1503566621273Bitfinex	ASK	0.054266	0.33323685
1503566642742Poloniex	BID	0.05414194	0.22247643
1503566642742Poloniex	BID	0.05414195	0.53844603
1503566642742Bitfinex	ASK	0.054261	0.33323685
1503566652055Poloniex	BID	0.05414191	0.18516404
1503566652055Poloniex	BID	0.05414192	0.53844603
1503566652055Bitfinex	ASK	0.054269	0.33323685
1503566683558Poloniex	BID	0.05387569	13.64560258
1503566683558Bitfinex	ASK	0.053884	14.699
1503566683558Bitfinex	ASK	0.053879	2.0
1503566684287Poloniex	BID	0.05387569	13.64560258
1503566684287Bitfinex	ASK	0.053885	30.0
1503566684640Poloniex	BID	0.05387569	13.64560258
1503566684640Bitfinex	ASK	0.053886	8.0
1503566690995Poloniex	BID	0.05387569	13.64560258
1503566690995Bitfinex	ASK	0.053887	13.038
1503566698011Poloniex	BID	0.05387569	13.64560258
1503566698011Bitfinex	ASK	0.05389	13.091
1503566698011Bitfinex	ASK	0.053889	8.0
1503566698011Bitfinex	ASK	0.053887	33.68674958
1503566857351Bitfinex	BID	0.054251	0.03097353
1503566857351Poloniex	ASK	0.05431452	0.04191082
1503567416769Poloniex	BID	0.05431903	1.25308911
1503567416769Poloniex	BID	0.05431904	6.033
1503567416769Poloniex	BID	0.05431907	8.005
1503567416769Poloniex	BID	0.0543191	0.33822517
1503567416769Poloniex	BID	0.05431926	0.0431415
1503567416769Poloniex	BID	0.05437349	0.00622262
1503567416769Bitfinex	ASK	0.054396	0.09
1503567431587Poloniex	BID	0.05431898	1.28515605
1503567431587Poloniex	BID	0.054319	5.486
1503567431587Poloniex	BID	0.05436262	0.00622262
1503567431587Bitfinex	ASK	0.054405	1.44873298
1503568147034Poloniex	BID	0.05408811	1.19510368
1503568147034Bitfinex	ASK	0.054089	3.55
1503569102323Bitfinex	BID	0.05445	2.34325979
1503569102323Poloniex	ASK	0.05452556	18.08912622
1503569114234Bitfinex	BID	0.05445	2.3432655
1503569114234Poloniex	ASK	0.05452556	18.08912622
1503569543768Poloniex	BID	0.0544992	0.0424
1503569543768Poloniex	BID	0.05449925	3.605969
1503569543768Poloniex	BID	0.05449927	1.05891964
1503569543768Poloniex	BID	0.05449998	1.33358602
1503569543768Poloniex	BID	0.05449999	6.62260953
1503569543768Poloniex	BID	0.0545	21.13369112
1503569543768Poloniex	BID	0.05452557	0.2795421
1503569543768Bitfinex	ASK	0.05454	1.0
1503569570050Poloniex	BID	0.05449917	0.38684431
1503569570050Poloniex	BID	0.05449919	0.91995211
1503569570050Bitfinex	ASK	0.054544	0.2
1503569635216Poloniex	BID	0.0545	21.13369112
1503569635216Bitfinex	ASK	0.054544	0.3261
1503569697046Poloniex	BID	0.05449997	0.27952755
1503569697046Poloniex	BID	0.05449998	1.33358602
1503569697046Poloniex	BID	0.05452556	7.02579803
1503569697046Bitfinex	ASK	0.054544	0.3262
1503570526566Poloniex	BID	0.05420134	0.63092271
1503570526566Bitfinex	ASK	0.054364	1.0E-4
1503570890722Poloniex	BID	0.05419877	0.10066649
1503570890722Bitfinex	ASK	0.054257	20.0
1503570890722Bitfinex	ASK	0.054256	0.10447422
1503570890722Bitfinex	ASK	0.054247	7.96110136
1503570890722Bitfinex	ASK	0.054245	6.93806361
1503570905607Poloniex	BID	0.05419842	0.61926508
1503570905607Bitfinex	ASK	0.054261	5.365
1503570905607Bitfinex	ASK	0.05426	7.04253783
1503570905607Bitfinex	ASK	0.05425	4.102
1503570905607Bitfinex	ASK	0.054249	7.96110136
1503570905607Bitfinex	ASK	0.054248	5.6951991
1503570912057Poloniex	BID	0.05419842	0.61926508
1503570912057Bitfinex	ASK	0.054262	4.486
1503570957929Poloniex	BID	0.05419842	1.59291968
1503570957929Bitfinex	ASK	0.054273	7.04253783
1503570957929Bitfinex	ASK	0.054263	5.69806553
1503570979046Poloniex	BID	0.0541212	10.52972444
1503570979046Bitfinex	ASK	0.054263	15.873666450000002
1503570991553Poloniex	BID	0.0541212	0.01007801
1503570991553Bitfinex	ASK	0.054263	22.24397228
1503571074488Poloniex	BID	0.05410396	0.54348889
1503571074488Poloniex	BID	0.0541212	0.4990952
1503571074488Poloniex	BID	0.05439989	0.71296358
1503571074488Poloniex	BID	0.0543999	4.93138136
1503571074488Poloniex	BID	0.05439991	0.01008836
1503571074488Poloniex	BID	0.0544	0.25312093
1503571074488Poloniex	BID	0.05443585	9.37262636
1503571074488Poloniex	BID	0.05443586	0.02493441
1503571074488Bitfinex	ASK	0.0546	10.11377348
1503571079596Poloniex	BID	0.05443585	0.18426412
1503571079596Bitfinex	ASK	0.0546	26.77634266
1503571085403Poloniex	BID	0.05457117	0.26996129
1503571085403Bitfinex	ASK	0.0546	33.51685558
1503571101811Poloniex	BID	0.05443585	0.18426412
1503571101811Bitfinex	ASK	0.0546	46.93788142
1503571125054Poloniex	BID	0.05457117	0.26996129
1503571125054Bitfinex	ASK	0.0546	53.10828686999999
1503571460062Poloniex	BID	0.05439984	0.62662268
1503571460062Poloniex	BID	0.05439985	10.61223422
1503571460062Poloniex	BID	0.05439986	0.18416062
1503571460062Poloniex	BID	0.05439988	0.26996129
1503571460062Poloniex	BID	0.05443584	0.20444854
1503571460062Poloniex	BID	0.05443585	0.18393633
1503571460062Bitfinex	ASK	0.0546	6.17
1503571462042Poloniex	BID	0.05439983	0.62662268
1503571462042Bitfinex	ASK	0.0546	12.225999999999999
1503572258774Poloniex	BID	0.05442622	0.1842625
1503572258774Poloniex	BID	0.05442623	4.93138136
1503572258774Poloniex	BID	0.05442709	0.08837462
1503572258774Poloniex	BID	0.05443	0.02099345
1503572258774Poloniex	BID	0.054434	0.98
1503572258774Poloniex	BID	0.05443585	0.18393633
1503572258774Bitfinex	ASK	0.054542	3.35641186
1503572326719Poloniex	BID	0.05442412	0.18707178
1503572326719Poloniex	BID	0.05442413	4.93138136
1503572326719Poloniex	BID	0.05442418	4.93138136
1503572326719Poloniex	BID	0.0544242	0.01190817
1503572326719Poloniex	BID	0.05442606	0.26996129
1503572326719Poloniex	BID	0.05449791	5.70596874
1503572326719Bitfinex	ASK	0.054543	1.0E-4
1503572371448Poloniex	BID	0.05415298	11.67478192
1503572371448Bitfinex	ASK	0.054186	2.98387674
1503572371448Bitfinex	ASK	0.054176	1.68362505
1503572371448Bitfinex	ASK	0.054174	6.27747631
1503572371448Bitfinex	ASK	0.054163	5.49717034
1503572371448Bitfinex	ASK	0.054161	2.0
1503572377118Poloniex	BID	0.05415297	0.47707669
1503572377118Bitfinex	ASK	0.054163	10.87434068
1503572394349Poloniex	BID	0.05410924	0.45272899
1503572394349Bitfinex	ASK	0.054186	5.26438701
1503572730545Poloniex	BID	0.05408811	0.10045384
1503572730545Poloniex	BID	0.05409811	0.00808064
1503572730545Poloniex	BID	0.05409999	0.01190817
1503572730545Poloniex	BID	0.05410394	0.01097841
1503572730545Bitfinex	ASK	0.0543	58.28096282
1503572741811Poloniex	BID	0.05408401	2.38098351
1503572741811Poloniex	BID	0.05408811	0.10045384
1503572741811Bitfinex	ASK	0.054301	5.08212577
1503572745734Poloniex	BID	0.05408401	2.38098351
1503572745734Bitfinex	ASK	0.054311	2.98387674
1503572776997Poloniex	BID	0.05408401	2.38098351
1503572776997Bitfinex	ASK	0.054311	2.94754785
1503572824513Poloniex	BID	0.05408401	2.38098351
1503572824513Poloniex	BID	0.05419521	0.01010393
1503572824513Poloniex	BID	0.05419522	0.03027295
1503572824513Poloniex	BID	0.0543991	4.93138136
1503572824513Poloniex	BID	0.05442707	7.264
1503572824513Poloniex	BID	0.05442708	5.70596874
1503572824513Bitfinex	ASK	0.0546	41.83090037
1503572830093Poloniex	BID	0.05439908	4.93138136
1503572830093Poloniex	BID	0.05439909	0.44095711
1503572830093Bitfinex	ASK	0.0546	241.19634533000004
1503572960190Poloniex	BID	0.05417754	0.17506101
1503572960190Bitfinex	ASK	0.054196	5.99953112
1503572960190Bitfinex	ASK	0.054186	5.3013942
1503572986127Poloniex	BID	0.05417754	0.17506101
1503572986127Bitfinex	ASK	0.054207	17.0300144
1503572998795Poloniex	BID	0.05417754	0.17506101
1503572998795Bitfinex	ASK	0.054208	10.225
1503573001633Poloniex	BID	0.05417754	0.17506101
1503573001633Bitfinex	ASK	0.054207	22.893716519999998
1503573040784Poloniex	BID	0.05417754	0.17506101
1503573040784Bitfinex	ASK	0.054217	3.9117852
1503573052992Poloniex	BID	0.05417754	0.17506101
1503573052992Bitfinex	ASK	0.054217	7.8060704
1503573058824Poloniex	BID	0.05417754	0.17506101
1503573058824Bitfinex	ASK	0.054228	3.91238847
1503573058824Bitfinex	ASK	0.054218	5.5697495
1503573714073Poloniex	BID	0.0543	0.01089021
1503573714073Poloniex	BID	0.05439898	2.7256069
1503573714073Poloniex	BID	0.05439902	0.23161732
1503573714073Poloniex	BID	0.05462862	5.80469046
1503573714073Bitfinex	ASK	0.054692	1.38
1503574220385Poloniex	BID	0.05489997	0.48511315
1503574220385Poloniex	BID	0.05489999	0.25476287
1503574220385Poloniex	BID	0.0549	0.1
1503574220385Poloniex	BID	0.05495221	3.676
1503574220385Poloniex	BID	0.05498666	0.22469315
1503574220385Poloniex	BID	0.05498668	5.80469046
1503574220385Poloniex	BID	0.05499999	0.04060273
1503574220385Bitfinex	ASK	0.055	31.47381192
1503574225568Poloniex	BID	0.05498667	31.949
1503574225568Bitfinex	ASK	0.055	94.05083922
1503574229555Poloniex	BID	0.05498666	0.22469315
1503574229555Bitfinex	ASK	0.055	125.30217537
1503574239326Poloniex	BID	0.05498663	41.74809937
1503574239326Poloniex	BID	0.05498664	32.935
1503574239326Poloniex	BID	0.05498665	5.80469046
1503574239326Poloniex	BID	0.05498666	0.22469315
1503574239326Bitfinex	ASK	0.055	156.06972154
1503574241257Poloniex	BID	0.05498662	33.514
1503574241257Bitfinex	ASK	0.055	186.66349393
1503574246702Poloniex	BID	0.0549866	5.80469046
1503574246702Poloniex	BID	0.05498661	41.74811456
1503574246702Poloniex	BID	0.0549981	3.91999995
1503574246702Bitfinex	ASK	0.055	217.05726632
1503574251299Poloniex	BID	0.05495219	0.22469315
1503574251299Poloniex	BID	0.05495221	2.29220012
1503574251299Poloniex	BID	0.05498658	41.74813734
1503574251299Poloniex	BID	0.05498659	37.549
1503574251299Bitfinex	ASK	0.055	240.16612971
1503574256397Poloniex	BID	0.05498659	37.549
1503574256397Bitfinex	ASK	0.055	376.60374824999997
1503574257278Poloniex	BID	0.05498657	34.571
1503574257278Bitfinex	ASK	0.055	398.96115392999997
1503574257846Poloniex	BID	0.05498659	37.549
1503574257846Bitfinex	ASK	0.055	420.89959518999996
1503574259420Poloniex	BID	0.05495218	0.08878462
1503574259420Poloniex	BID	0.0549522	5.3058487
1503574259420Bitfinex	ASK	0.055	440.83860064999993
1503574273854Poloniex	BID	0.05495217	4.02147145
1503574273854Poloniex	BID	0.05495219	0.22469315
1503574273854Poloniex	BID	0.05498653	37.134
1503574273854Poloniex	BID	0.05498654	41.74816771
1503574273854Poloniex	BID	0.05498655	34.533
1503574273854Poloniex	BID	0.05498656	41.74815252
1503574273854Bitfinex	ASK	0.055	460.45622417999994
1503574275272Poloniex	BID	0.05498379	0.03024528
1503574275272Bitfinex	ASK	0.055	479.7524657799999
1503574277832Poloniex	BID	0.05495215	0.22469315
1503574277832Bitfinex	ASK	0.055	498.0882560099999
1503574285825Poloniex	BID	0.05498652	41.74818289
1503574285825Bitfinex	ASK	0.055	515.8240462399999
1503574371445Poloniex	BID	0.05495715	34.382
1503574371445Poloniex	BID	0.05495716	1.30224856
1503574371445Poloniex	BID	0.05495717	4.38706965
1503574371445Poloniex	BID	0.05495721	0.37295721
1503574371445Poloniex	BID	0.05498648	41.74821326
1503574371445Poloniex	BID	0.0549865	41.74819808
1503574371445Poloniex	BID	0.05499999	0.04060273
1503574371445Bitfinex	ASK	0.055	533.36122883
1503574372921Poloniex	BID	0.05495714	0.36324408
1503574372921Bitfinex	ASK	0.055	567.93837873
1503574560628Poloniex	BID	0.05487877	0.18460127
1503574560628Poloniex	BID	0.0549567	36.984
1503574560628Poloniex	BID	0.05495671	4.38706965
1503574560628Poloniex	BID	0.05495672	36.343
1503574560628Poloniex	BID	0.05495673	1.73626008
1503574560628Poloniex	BID	0.05495721	0.37295721
1503574560628Poloniex	BID	0.05499999	0.04060273
1503574560628Bitfinex	ASK	0.055	583.2990536799999
1503574583817Poloniex	BID	0.05495666	34.91
1503574583817Poloniex	BID	0.05495667	4.38706965
1503574583817Poloniex	BID	0.05499999	0.04060273
1503574583817Bitfinex	ASK	0.05501	6.65154657
1503574590725Poloniex	BID	0.05495665	34.533
1503574590725Bitfinex	ASK	0.05501	13.23442314
1503574827718Poloniex	BID	0.05495651	19.405
1503574827718Poloniex	BID	0.05495655	0.00522644
1503574827718Poloniex	BID	0.05495657	35.174
1503574827718Poloniex	BID	0.05499999	0.04060273
1503574827718Bitfinex	ASK	0.055	15.36067495
1503574832017Poloniex	BID	0.0549565	0.28358525
1503574832017Bitfinex	ASK	0.05501	6.95636783
1503574882787Poloniex	BID	0.05498668	4.204
1503574882787Bitfinex	ASK	0.055	30.69364829
1503575143698Poloniex	BID	0.05487877	0.0201085
1503575143698Poloniex	BID	0.05487884	0.23643231
1503575143698Poloniex	BID	0.05487885	0.1562
1503575143698Poloniex	BID	0.05487887	2.8542322
1503575143698Poloniex	BID	0.05487888	0.04501168
1503575143698Poloniex	BID	0.0548789	0.0580575
1503575143698Poloniex	BID	0.05498668	8.721
1503575143698Poloniex	BID	0.05499999	0.04060273
1503575143698Bitfinex	ASK	0.055	43.14085763
1503575227851Poloniex	BID	0.05498667	3.91999995
1503575227851Bitfinex	ASK	0.055	55.47828111
1503575324321Poloniex	BID	0.05487884	0.23643231
1503575324321Poloniex	BID	0.0549	1.0
1503575324321Bitfinex	ASK	0.055001	1.0E-4
1503575394669Poloniex	BID	0.05487885	0.1562
1503575394669Poloniex	BID	0.05497876	0.99641139
1503575394669Bitfinex	ASK	0.055	67.76592224
1503575544919Poloniex	BID	0.05487885	0.1562
1503575544919Bitfinex	ASK	0.055	80.02368637
1503575776617Poloniex	BID	0.05487885	0.1562
1503575776617Poloniex	BID	0.05498668	4.3129272
1503575776617Poloniex	BID	0.05499999	0.04060273
1503575776617Bitfinex	ASK	0.055	92.2611338
1503575816029Poloniex	BID	0.05487879	0.00592463
1503575816029Poloniex	BID	0.05487883	1.72842751
1503575816029Poloniex	BID	0.05487884	17.37989426
1503575816029Poloniex	BID	0.05487885	0.1562
1503575816029Poloniex	BID	0.05498644	3.823
1503575816029Poloniex	BID	0.05498645	4.31706659
1503575816029Poloniex	BID	0.05499999	0.04060273
1503575816029Bitfinex	ASK	0.05501	2.91134756
1503575828774Poloniex	BID	0.05487884	17.37989426
1503575828774Bitfinex	ASK	0.05501	5.53744112
1503575858788Poloniex	BID	0.05487881	3.27887849
1503575858788Poloniex	BID	0.05487882	1.51711008
1503575858788Poloniex	BID	0.05487885	0.1562
1503575858788Poloniex	BID	0.05487886	4.31706659
1503575858788Bitfinex	ASK	0.055	104.47854446
1503575904768Poloniex	BID	0.05487884	17.37989426
1503575904768Poloniex	BID	0.05495555	0.01017903
1503575904768Bitfinex	ASK	0.055	116.22704033
1503575918736Poloniex	BID	0.05487877	2.4328989
1503575918736Bitfinex	ASK	0.055	127.84913619999999
1503575921694Poloniex	BID	0.05487881	1.86816539
1503575921694Bitfinex	ASK	0.055	139.41399715999998
1503575962069Poloniex	BID	0.05487881	1.10299755
1503575962069Poloniex	BID	0.05487884	17.37989426
1503575962069Bitfinex	ASK	0.055	147.17885811999997
1503576100604Poloniex	BID	0.0549287	0.19068767
1503576100604Poloniex	BID	0.05495554	0.18218458
1503576100604Poloniex	BID	0.05499999	0.04060273
1503576100604Bitfinex	ASK	0.055	154.71323325999998
1503576139667Poloniex	BID	0.05496461	0.80354061
1503576139667Bitfinex	ASK	0.055	159.32705636999998
1503576160378Poloniex	BID	0.05490001	0.07247494
1503576160378Bitfinex	ASK	0.055	161.27352729999998
1503576257525Poloniex	BID	0.05499999	0.04060273
1503576257525Bitfinex	ASK	0.055	163.19270885999998
1503576688788Bitfinex	BID	0.055136	5.48486459
1503576688788Poloniex	ASK	0.05520721	0.18130631
1503576752689Bitfinex	BID	0.055136	5.60249218
1503576752689Poloniex	ASK	0.05527921	7.475216
1503576752689Poloniex	ASK	0.0552792	0.00903931
1503576760797Bitfinex	BID	0.055136	5.69408817
1503576760797Poloniex	ASK	0.05527921	7.475216
1503576815393Bitfinex	BID	0.055313	0.24407807
1503576815393Poloniex	ASK	0.05532391	0.39421603
1503576822786Bitfinex	BID	0.055313	0.24187226
1503576822786Poloniex	ASK	0.05532392	7.301952
1503576822786Poloniex	ASK	0.05532391	0.39421603
1503576856570Bitfinex	BID	0.055313	0.21203404
1503576856570Poloniex	ASK	0.05532392	7.301952
1503576960155Bitfinex	BID	0.055314	8.0750475
1503576960155Poloniex	ASK	0.05546846	2.03283429
1503577144861Bitfinex	BID	0.055329	3.7733880299999996
1503577144861Poloniex	ASK	0.05545016	1.76361278
1503577144861Poloniex	ASK	0.05545	3.59654525
1503577295713Bitfinex	BID	0.055329	3.8956580299999994
1503577295713Poloniex	ASK	0.05545002	7.151152
1503577295713Poloniex	ASK	0.05545001	7.993864
1503578720055Poloniex	BID	0.05526278	0.23548147
1503578720055Bitfinex	ASK	0.055285	0.65096975
1503579016728Poloniex	BID	0.05512361	0.24045254
1503579016728Bitfinex	ASK	0.055169	14.3103879
1503579987187Bitfinex	BID	0.055135	1.0E-4
1503579987187Poloniex	ASK	0.05520423	4.56885526
1503579987187Poloniex	ASK	0.05520421	7.89964
1503579987187Poloniex	ASK	0.05518003	0.02149211
1503582461522Poloniex	BID	0.05474061	0.55284195
1503582461522Bitfinex	ASK	0.054778	4.01059239
1503582461522Bitfinex	ASK	0.054763	2.0
1503582461522Bitfinex	ASK	0.054759	3.05615098
1503582730200Poloniex	BID	0.05475786	0.03202612
1503582730200Bitfinex	ASK	0.054843	0.00999755
1503582780139Poloniex	BID	0.05463646	2.03235995
1503582780139Bitfinex	ASK	0.054664	45.07345058
