1503449163953Poloniex	BID	0.05548172	0.01220354
1503449163953Bitfinex	ASK	0.05557	5.970420669999999
1503449244683Bitfinex	BID	0.055567	0.0017508
1503449244683Poloniex	ASK	0.05558723	0.31450438
1503449420422Bitfinex	BID	0.0553	0.25
1503449420422Poloniex	ASK	0.05533937	0.34626548
1503449420422Poloniex	ASK	0.05533936	0.39419538
1503449487634Bitfinex	BID	0.055294	0.25
1503449487634Poloniex	ASK	0.05533937	0.00526305
1503450726625Bitfinex	BID	0.055179	0.30362999999999996
1503450726625Poloniex	ASK	0.05518914	0.43935719
1503450753569Bitfinex	BID	0.055178	0.10121
1503450753569Poloniex	ASK	0.05518915	0.62704977
1503450753569Poloniex	ASK	0.05518914	0.43935719
1503451044590Bitfinex	BID	0.055391	0.648302
1503451044590Bitfinex	BID	0.055394	0.22246681
1503451044590Bitfinex	BID	0.055536	0.35140758
1503451044590Bitfinex	BID	0.055537	1.41217074
1503451044590Bitfinex	BID	0.055547	1.5272487799999999
1503451044590Bitfinex	BID	0.055549	16.53909906
1503451044590Bitfinex	BID	0.05555	29.26265324
1503451044590Poloniex	ASK	0.05569006	48.63071889
1503451045157Bitfinex	BID	0.055668	11.602
1503451045157Poloniex	ASK	0.05569006	48.63071889
1503451045444Bitfinex	BID	0.055393	0.606296
1503451045444Poloniex	ASK	0.05569006	48.63071889
1503451046043Bitfinex	BID	0.055391	0.627299
1503451046043Bitfinex	BID	0.055548	0.35284359
1503451046043Poloniex	ASK	0.05569006	48.63071889
1503451047467Bitfinex	BID	0.055669	259.30516424999973
1503451047467Poloniex	ASK	0.05569006	48.63071889
1503451048164Bitfinex	BID	0.055668	7.3076838
1503451048164Poloniex	ASK	0.05569006	48.63071889
1503451048524Bitfinex	BID	0.055667	0.22713448
1503451048524Bitfinex	BID	0.055668	14.358683800000001
1503451048524Bitfinex	BID	0.055669	261.46239789999976
1503451048524Poloniex	ASK	0.05569006	48.63071889
1503451049783Bitfinex	BID	0.055544	0.20475299
1503451049783Bitfinex	BID	0.055545	9.3614404
1503451049783Bitfinex	BID	0.055668	15.093756800000001
1503451049783Poloniex	ASK	0.05569006	48.63071889
1503451420657Poloniex	BID	0.05523703	0.46428967
1503451420657Bitfinex	ASK	0.055356	1.61143601
1503451420657Bitfinex	ASK	0.055348	5.11455639
1503451420657Bitfinex	ASK	0.055347	1.16476081
1503451420657Bitfinex	ASK	0.055342	5.79162938
1503451462108Poloniex	BID	0.05522345	0.03361765
1503451462108Bitfinex	ASK	0.055362	0.795595
1503451462108Bitfinex	ASK	0.055361	6.57094666
1503451462108Bitfinex	ASK	0.055345	5.71830848
1503452305068Bitfinex	BID	0.055394	0.586925
1503452305068Bitfinex	BID	0.055395	0.22110619
1503452305068Poloniex	ASK	0.05539963	21.09259638
1503452437417Bitfinex	BID	0.055324	0.77310398
1503452437417Bitfinex	BID	0.055325	72.45199458
1503452437417Bitfinex	BID	0.055326	8.22110618
1503452437417Bitfinex	BID	0.055329	9.25392238
1503452437417Poloniex	ASK	0.05535571	0.08636778
1503452779199Bitfinex	BID	0.055098	18.306
1503452779199Poloniex	ASK	0.055099	0.01125248
1503452796617Bitfinex	BID	0.055098	18.657
1503452796617Poloniex	ASK	0.0551	0.01814882
1503452874343Poloniex	BID	0.05500001	1.80054736
1503452874343Bitfinex	ASK	0.055001	27.21415469
1503453105868Bitfinex	BID	0.05509	0.22110619
1503453105868Bitfinex	BID	0.055094	0.01197557
1503453105868Bitfinex	BID	0.055095	73.5402971
1503453105868Bitfinex	BID	0.055096	7.99999999
1503453105868Poloniex	ASK	0.0551	0.01651543
1503454410019Bitfinex	BID	0.054999	0.28173027
1503454410019Poloniex	ASK	0.055	836.16400509
1503454527856Bitfinex	BID	0.055047	1.01189941
1503454527856Bitfinex	BID	0.055048	17.8069905
1503454527856Bitfinex	BID	0.055075	0.05139
1503454527856Poloniex	ASK	0.0552	0.34057572
1503454536244Bitfinex	BID	0.055034	0.319577
1503454536244Bitfinex	BID	0.055035	1.4129107699999999
1503454536244Bitfinex	BID	0.055036	2.54977
1503454536244Bitfinex	BID	0.055038	13.320250179999999
1503454536244Poloniex	ASK	0.0552	0.34057572
1503454575769Bitfinex	BID	0.05504	0.319559
1503454575769Bitfinex	BID	0.055041	2.54977
1503454575769Bitfinex	BID	0.055043	32.72844392
1503454575769Poloniex	ASK	0.055055	0.0616792
1503455010748Bitfinex	BID	0.0547	4.50148634
1503455010748Poloniex	ASK	0.05500102	4.8827155
1503455010748Poloniex	ASK	0.055001	0.2523665
1503455010748Poloniex	ASK	0.05500001	2.76513799
1503455010748Poloniex	ASK	0.055	836.16400509
1503455010748Poloniex	ASK	0.05493949	0.111
1503455010748Poloniex	ASK	0.05483901	0.32546062
1503455010748Poloniex	ASK	0.05481527	42.50893539
1503455010748Poloniex	ASK	0.05481526	34.609
1503455010748Poloniex	ASK	0.0548152	156.38607655
1503455010748Poloniex	ASK	0.05481126	0.16468959
1503455011450Bitfinex	BID	0.054914	0.08157242
1503455011450Poloniex	ASK	0.055	836.16400509
1503455012231Bitfinex	BID	0.054913	0.08118653
1503455012231Bitfinex	BID	0.054916	0.08118421
1503455012231Poloniex	ASK	0.055	836.16400509
1503455096275Bitfinex	BID	0.055	0.38344
1503455096275Poloniex	ASK	0.05500005	0.0988
1503455096275Poloniex	ASK	0.05500001	2.63114454
1503455112240Bitfinex	BID	0.054996	10.517871809999999
1503455112240Bitfinex	BID	0.055	35.336635
1503455112240Poloniex	ASK	0.05500001	2.63114454
1503455141679Bitfinex	BID	0.055	51.329635
1503455141679Poloniex	ASK	0.05500001	2.63114454
1503455159475Bitfinex	BID	0.054985	2.93700149
1503455159475Bitfinex	BID	0.054989	0.383448
1503455159475Bitfinex	BID	0.054991	4.60909746
1503455159475Bitfinex	BID	0.055	74.02391583
1503455159475Poloniex	ASK	0.05500001	2.63114454
1503455163627Bitfinex	BID	0.0547	0.48864945
1503455163627Poloniex	ASK	0.05481565	36.494
1503455164350Bitfinex	BID	0.0547	0.4886989
1503455164350Poloniex	ASK	0.055	836.16400509
1503455165263Bitfinex	BID	0.054979	0.5436099999999999
1503455165263Bitfinex	BID	0.054989	3.7570891
1503455165263Bitfinex	BID	0.05499	0.384308
1503455165263Poloniex	ASK	0.055	836.16400509
1503455177056Bitfinex	BID	0.05499	32.754616
1503455177056Poloniex	ASK	0.055	836.16400509
1503455196029Bitfinex	BID	0.054989	0.443624
1503455196029Poloniex	ASK	0.05500005	0.00183637
1503455196029Poloniex	ASK	0.05500001	2.44608069
1503455202376Bitfinex	BID	0.0547	20.798
1503455202376Poloniex	ASK	0.05500001	2.44608069
1503455202376Poloniex	ASK	0.05481576	159.17567144
1503455202376Poloniex	ASK	0.05481575	34.571
1503455202376Poloniex	ASK	0.05481574	41.36503175
1503455203440Bitfinex	BID	0.0547	34.857716
1503455203440Poloniex	ASK	0.055	836.16400509
1503455230851Bitfinex	BID	0.05496	15.993
1503455230851Poloniex	ASK	0.05500001	2.28587933
1503455230851Poloniex	ASK	0.055	836.16400509
1503455242574Bitfinex	BID	0.054959	0.485772
1503455242574Poloniex	ASK	0.055	836.16400509
1503455255846Bitfinex	BID	0.0547	3.6643
1503455255846Poloniex	ASK	0.05481584	41.36503175
1503455255846Poloniex	ASK	0.05481583	35.966
1503455256549Bitfinex	BID	0.054957	0.485735
1503455256549Poloniex	ASK	0.055	836.16400509
1503455257824Bitfinex	BID	0.054956	0.457419
1503455257824Poloniex	ASK	0.055	836.16400509
1503455260064Bitfinex	BID	0.054935	1.72920584
1503455260064Poloniex	ASK	0.05493949	0.111
1503455263197Bitfinex	BID	0.054934	0.485939
1503455263197Poloniex	ASK	0.05493949	0.111
1503455266752Bitfinex	BID	0.0547	15.983
1503455266752Poloniex	ASK	0.05481589	41.36503175
1503455266752Poloniex	ASK	0.05481588	34.345
1503455270636Bitfinex	BID	0.054933	0.48627
1503455270636Bitfinex	BID	0.054945	0.486227
1503455270636Poloniex	ASK	0.055	836.16400509
1503455274853Bitfinex	BID	0.054945	0.223833
1503455274853Poloniex	ASK	0.055	836.16400509
1503455303229Bitfinex	BID	0.054952	0.486171
1503455303229Poloniex	ASK	0.055	836.16400509
1503456260876Bitfinex	BID	0.055053	0.00245109
1503456260876Bitfinex	BID	0.055074	112.2919899
1503456260876Bitfinex	BID	0.055075	0.4716535
1503456260876Poloniex	ASK	0.05528507	2.48457748
1503456591111Bitfinex	BID	0.055053	6.189645200000001
1503456591111Poloniex	ASK	0.05511045	10.04818412
1503458326395Poloniex	BID	0.05468401	0.79311565
1503458326395Bitfinex	ASK	0.054771	0.512301
1503458326395Bitfinex	ASK	0.0547	254.3690666
1503458335012Poloniex	BID	0.05468401	0.79311565
1503458335012Bitfinex	ASK	0.05477	33.353844
1503458369461Poloniex	BID	0.05472147	2.7
1503458369461Bitfinex	ASK	0.054771	0.44000451
1503458373224Poloniex	BID	0.05472147	2.7
1503458373224Bitfinex	ASK	0.054771	0.89353587
1503458400048Poloniex	BID	0.05472145	0.00952842
1503458400048Bitfinex	ASK	0.05477	42.938588360000004
1503458413555Poloniex	BID	0.05468904	0.22374856
1503458413555Bitfinex	ASK	0.054771	0.18718086
1503459031170Poloniex	BID	0.0546857	0.19717919
1503459031170Poloniex	BID	0.05472147	0.16203055
1503459031170Poloniex	BID	0.0548264	0.0412
1503459031170Poloniex	BID	0.0549603	4.93116511
1503459031170Poloniex	BID	0.05496086	0.24273593
1503459031170Poloniex	BID	0.05497902	0.17838237
1503459031170Poloniex	BID	0.05505891	10.78428718
1503459031170Poloniex	BID	0.05505892	0.039917
1503459031170Poloniex	BID	0.05528504	1.90010867
1503459031170Poloniex	BID	0.05528699	37.63928518
1503459031170Poloniex	BID	0.05529913	19.706
1503459031170Poloniex	BID	0.05530951	0.15025116
1503459031170Bitfinex	ASK	0.055357	0.76445325
1503459078604Poloniex	BID	0.05461814	6.47435447
1503459078604Bitfinex	ASK	0.0547	254.5415184
1503459214343Bitfinex	BID	0.054798	0.22010394
1503459214343Bitfinex	BID	0.054799	14.598391759999998
1503459214343Poloniex	ASK	0.05496085	0.41231964
1503459271374Bitfinex	BID	0.054798	0.79949055
1503459271374Poloniex	ASK	0.0548262	0.00482379
1503460167546Poloniex	BID	0.0548	0.26643625
1503460167546Bitfinex	ASK	0.054901	0.429139
1503460167546Bitfinex	ASK	0.0549	12.8142
1503460167546Bitfinex	ASK	0.054899	5.46641193
1503460167546Bitfinex	ASK	0.054892	104.89046938
1503460187036Poloniex	BID	0.0548	0.26643625
1503460187036Bitfinex	ASK	0.054903	0.9063127
1503460187036Bitfinex	ASK	0.054902	12.706512
1503460187036Bitfinex	ASK	0.054901	5.46796124
1503460190515Poloniex	BID	0.0548	0.26643625
1503460190515Bitfinex	ASK	0.054903	0.97464875
1503460190515Bitfinex	ASK	0.054902	0.429287
1503460196969Poloniex	BID	0.0548	0.26643625
1503460196969Bitfinex	ASK	0.054902	0.429295
1503460219410Poloniex	BID	0.05475579	0.18659072
1503460219410Bitfinex	ASK	0.054903	3.8048032400000005
1503460219410Bitfinex	ASK	0.054902	0.42942
1503460231321Poloniex	BID	0.0548	0.26643625
1503460231321Bitfinex	ASK	0.054902	0.88312206
1503461282835Poloniex	BID	0.0549	7.4958807
1503461282835Bitfinex	ASK	0.054928	0.41975
1503461282835Bitfinex	ASK	0.054927	0.82006549
1503461609813Bitfinex	BID	0.055495	5.76814459
1503461609813Poloniex	ASK	0.05550553	0.1162492
1503461628047Bitfinex	BID	0.055793	0.37616736
1503461628047Bitfinex	BID	0.055798	0.37694031
1503461628047Poloniex	ASK	0.05581702	0.88023646
1503461654739Bitfinex	BID	0.055495	0.02
1503461654739Poloniex	ASK	0.0555021	0.13602333
1503461729410Bitfinex	BID	0.055873	1.90679216
1503461729410Poloniex	ASK	0.05599981	0.0778574
1503462209612Poloniex	BID	0.05587958	0.00231409
1503462209612Bitfinex	ASK	0.055884	0.46976222
1503462736196Bitfinex	BID	0.056283	0.509546
1503462736196Bitfinex	BID	0.056284	13.434790710000001
1503462736196Bitfinex	BID	0.056285	1.52716632
1503462736196Poloniex	ASK	0.05628872	0.17814104
1503462740452Bitfinex	BID	0.056284	0.509171
1503462740452Poloniex	ASK	0.05628872	0.17814104
1503462751251Bitfinex	BID	0.056294	0.508714
1503462751251Bitfinex	BID	0.056295	0.508706
1503462751251Poloniex	ASK	0.0563	0.04440497
1503462752506Bitfinex	BID	0.056293	0.509537
1503462752506Poloniex	ASK	0.05630001	6.67224214
1503462764363Bitfinex	BID	0.056288	6.46262235
1503462764363Poloniex	ASK	0.05628874	6.67224214
1503462839905Bitfinex	BID	0.056297	0.508291
1503462839905Poloniex	ASK	0.05638886	0.70935996
1503462862559Bitfinex	BID	0.056296	6.46262235
1503462862559Poloniex	ASK	0.05638887	3.35130408
1503462862559Poloniex	ASK	0.05638886	0.70935996
1503462866404Bitfinex	BID	0.056294	6.46262235
1503462866404Poloniex	ASK	0.05638888	0.24936123
1503462867890Bitfinex	BID	0.056297	0.480005
1503462867890Poloniex	ASK	0.05638889	3.24511085
1503462906568Bitfinex	BID	0.056298	1.36554126
1503462906568Poloniex	ASK	0.05659712	10.41481622
1503462906568Poloniex	ASK	0.05638892	0.24936123
1503462907255Bitfinex	BID	0.056474	2.58454621
1503462907255Bitfinex	BID	0.056494	1.8194434999999998
1503462907255Poloniex	ASK	0.05659712	10.41481622
1503462907690Bitfinex	BID	0.056474	2.74677851
1503462907690Bitfinex	BID	0.056494	1.8294790999999997
1503462907690Poloniex	ASK	0.05659712	10.41481622
1503462937883Bitfinex	BID	0.056494	2.2822766999999997
1503462937883Bitfinex	BID	0.056499	0.442762
1503462937883Poloniex	ASK	0.05659717	4.88921752
1503462937883Poloniex	ASK	0.05659712	10.41481622
1503462942011Bitfinex	BID	0.056494	2.2923123
1503462942011Poloniex	ASK	0.05659712	10.41481622
1503462944041Bitfinex	BID	0.056494	2.7551455000000002
1503462944041Poloniex	ASK	0.05659713	0.24787428
1503462973067Bitfinex	BID	0.056494	3.2179567000000002
1503462973067Bitfinex	BID	0.056499	0.472067
1503462973067Poloniex	ASK	0.05659713	0.24787428
1503463120170Poloniex	BID	0.05638914	0.50254741
1503463120170Poloniex	BID	0.05638918	0.05066288
1503463120170Bitfinex	ASK	0.056462	5.9799887
1503463156425Poloniex	BID	0.05638	1.24081091
1503463156425Bitfinex	ASK	0.056382	12.0853
1503463156425Bitfinex	ASK	0.056381	5.24932391
1503463179567Poloniex	BID	0.05637998	4.93138136
1503463179567Bitfinex	ASK	0.056394	0.454758
1503463179567Bitfinex	ASK	0.056393	2.2339662
1503463179567Bitfinex	ASK	0.056382	3.99592655
1503463187561Poloniex	BID	0.05637996	4.93138136
1503463187561Bitfinex	ASK	0.056385	0.454844
1503463187561Bitfinex	ASK	0.056384	3.99707264
1503463195037Poloniex	BID	0.05625762	0.50399442
1503463195037Bitfinex	ASK	0.056396	0.454821
1503463195037Bitfinex	ASK	0.056395	2.2049295
1503463195037Bitfinex	ASK	0.056385	0.5000789
1503463211800Poloniex	BID	0.05625762	0.50399442
1503463211800Bitfinex	ASK	0.056331	0.5000789
1503463216782Poloniex	BID	0.05625759	0.20347716
1503463216782Bitfinex	ASK	0.056385	0.455228
1503463226499Poloniex	BID	0.05637987	4.93138136
1503463226499Poloniex	BID	0.05637988	0.50648262
1503463226499Bitfinex	ASK	0.056395	3.91363459
1503463227603Poloniex	BID	0.05637985	4.93138136
1503463227603Bitfinex	ASK	0.056396	0.455244
1503463230547Poloniex	BID	0.05625757	3.66692498
1503463230547Bitfinex	ASK	0.056396	0.790488
1503463233198Poloniex	BID	0.05625757	3.66692498
1503463233198Bitfinex	ASK	0.056395	4.49558818
1503463236155Poloniex	BID	0.05625757	3.66692498
1503463236155Bitfinex	ASK	0.056303	0.5000789
1503463250124Poloniex	BID	0.05625757	3.66692498
1503463250124Bitfinex	ASK	0.056335	0.8183560000000001
1503463263916Poloniex	BID	0.05625757	3.66692498
1503463263916Bitfinex	ASK	0.056336	0.45602
1503463268104Poloniex	BID	0.05625757	3.66692498
1503463268104Bitfinex	ASK	0.056298	0.456164
1503463272586Poloniex	BID	0.05620131	0.03858328
1503463272586Bitfinex	ASK	0.056346	0.45599
1503463272586Bitfinex	ASK	0.056345	3.165046
1503463285795Poloniex	BID	0.05625762	0.49262166
1503463285795Bitfinex	ASK	0.056336	0.449723
1503463310537Poloniex	BID	0.05620056	4.7073951
1503463310537Bitfinex	ASK	0.056336	0.449864
1503463405664Poloniex	BID	0.05620062	8.73821745
1503463405664Bitfinex	ASK	0.056336	0.42875
1503463430007Poloniex	BID	0.05620061	0.24957556
1503463430007Bitfinex	ASK	0.056335	0.8729361500000001
1503464272524Bitfinex	BID	0.055922	0.31578701
1503464272524Poloniex	ASK	0.05595286	4.757
1503464272524Poloniex	ASK	0.05595285	3.92
1503464272524Poloniex	ASK	0.05595283	2.0
1503464288382Bitfinex	BID	0.055934	0.31578701
1503464288382Poloniex	ASK	0.05595286	4.101
1503464433424Poloniex	BID	0.05594357	0.51880852
1503464433424Poloniex	BID	0.05594358	0.1893965
1503464433424Bitfinex	ASK	0.055944	3.71085683
1503464470407Poloniex	BID	0.05592888	0.29711709
1503464470407Poloniex	BID	0.05592889	0.00116084
1503464470407Bitfinex	ASK	0.055944	3.71085683
1503464474274Poloniex	BID	0.05592889	0.00116084
1503464474274Bitfinex	ASK	0.055944	7.32171366
1503464912915Poloniex	BID	0.05545898	1.8986175
1503464912915Bitfinex	ASK	0.055499	12.713
1503464912915Bitfinex	ASK	0.055498	5.303
1503465260362Poloniex	BID	0.0554414	0.54579245
1503465260362Bitfinex	ASK	0.055513	0.2231454
1503465344547Poloniex	BID	0.0554414	0.54579245
1503465344547Bitfinex	ASK	0.055513	0.24220534
1503465485365Poloniex	BID	0.05567733	0.48081887
1503465485365Poloniex	BID	0.05567734	4.9133247
1503465485365Poloniex	BID	0.05567763	0.00803245
1503465485365Bitfinex	ASK	0.05568	9.81737686
1503466072134Poloniex	BID	0.05577378	1.93275293
1503466072134Poloniex	BID	0.0557738	1.10718712
1503466072134Poloniex	BID	0.05582466	0.06801128
1503466072134Poloniex	BID	0.05592577	33.892
1503466072134Bitfinex	ASK	0.056	39.6225375
1503467487856Poloniex	BID	0.05600025	16.26228495
1503467487856Bitfinex	ASK	0.056018	3.445
1503467487856Bitfinex	ASK	0.056017	5.74041822
1503467852582Poloniex	BID	0.05600012	10.29531704
1503467852582Bitfinex	ASK	0.056069	4.99176861
1503467852582Bitfinex	ASK	0.056068	6.80824126
1503467852582Bitfinex	ASK	0.056002	1.63979832
1503467861585Poloniex	BID	0.0560001	4.93044045
1503467861585Bitfinex	ASK	0.056069	4.9927233
1503468071353Poloniex	BID	0.05600063	0.19203607
1503468071353Bitfinex	ASK	0.056001	5.00285901
1503468795113Poloniex	BID	0.05638	6.90524665
1503468795113Bitfinex	ASK	0.05644	0.67397342
1503469504042Poloniex	BID	0.0561	0.33992377
1503469504042Bitfinex	ASK	0.056238	19.60594742
1503470069745Bitfinex	BID	0.056001	6.032
1503470069745Poloniex	ASK	0.0561	0.02673796
1503470069745Poloniex	ASK	0.056069	0.01
1503470079594Bitfinex	BID	0.056	12.423176
1503470079594Poloniex	ASK	0.05610001	3.24108352
1503470093335Bitfinex	BID	0.056001	20.0
1503470093335Poloniex	ASK	0.05610001	4.83026478
1503470117232Bitfinex	BID	0.056	12.565344
1503470117232Poloniex	ASK	0.05606901	7.092392
1503470119682Bitfinex	BID	0.056052	0.35781103
1503470119682Bitfinex	BID	0.056053	0.35800188
1503470119682Poloniex	ASK	0.05606901	7.092392
1503470135885Bitfinex	BID	0.056	12.565344
1503470135885Poloniex	ASK	0.05606901	7.092392
1503470159369Bitfinex	BID	0.055996	0.33924605
1503470159369Bitfinex	BID	0.055997	5.4832857
1503470159369Poloniex	ASK	0.056069	0.01
1503470164778Bitfinex	BID	0.056012	0.04246769
1503470164778Poloniex	ASK	0.056069	0.01
1503470168029Bitfinex	BID	0.056022	0.07974173
1503470168029Poloniex	ASK	0.056069	0.01
1503470168733Bitfinex	BID	0.056024	0.07974448
1503470168733Poloniex	ASK	0.056069	0.01
1503470174249Bitfinex	BID	0.056012	0.07650528
1503470174249Bitfinex	BID	0.056018	0.0764992
1503470174249Bitfinex	BID	0.056024	0.07648741
1503470174249Poloniex	ASK	0.056069	6.49004344
1503471451357Bitfinex	BID	0.05632	10.916793610000001
1503471451357Bitfinex	BID	0.056434	74.96905038999999
1503471451357Bitfinex	BID	0.056497	0.332769
1503471451357Bitfinex	BID	0.0565	174.66097722
1503471451357Bitfinex	BID	0.056512	4.35197353
1503471451357Poloniex	ASK	0.05656782	0.14795472
1503471560022Bitfinex	BID	0.05632	17.976626210000003
1503471560022Bitfinex	BID	0.056496	0.247355
1503471560022Bitfinex	BID	0.056497	2.01542989
1503471560022Bitfinex	BID	0.056499	5.117355
1503471560022Poloniex	ASK	0.05655647	17.25811205
1503471562672Bitfinex	BID	0.056507	0.14869253
1503471562672Poloniex	ASK	0.05655647	17.25811205
1503471565458Bitfinex	BID	0.056509	0.14869209
1503471565458Poloniex	ASK	0.05655647	17.25811205
1503471568444Bitfinex	BID	0.056494	0.247255
1503471568444Bitfinex	BID	0.0565	179.01369178000002
1503471568444Poloniex	ASK	0.05655647	17.25811205
1503471570134Bitfinex	BID	0.056495	0.247254
1503471570134Bitfinex	BID	0.056511	0.15002688
1503471570134Bitfinex	BID	0.056512	4.8249100700000005
1503471570134Poloniex	ASK	0.05655647	17.25811205
1503471578106Bitfinex	BID	0.056499	0.14877938
1503471578106Poloniex	ASK	0.05655648	3.75274649
1503471595451Bitfinex	BID	0.056498	0.24725
1503471595451Bitfinex	BID	0.056499	0.9505877199999999
1503471595451Poloniex	ASK	0.05655648	3.75274649
1503471655878Bitfinex	BID	0.056499	1.1430894
1503471655878Poloniex	ASK	0.05655647	17.25811205
1503471675058Bitfinex	BID	0.056498	0.247238
1503471675058Bitfinex	BID	0.056499	0.9033601299999999
1503471675058Poloniex	ASK	0.05655647	17.25811205
1503471677208Bitfinex	BID	0.056499	0.24723
1503471677208Poloniex	ASK	0.05655647	17.25811205
1503471692287Bitfinex	BID	0.056498	0.24723
1503471692287Bitfinex	BID	0.056499	0.93093656
1503471692287Poloniex	ASK	0.05655647	17.25811205
1503471728611Bitfinex	BID	0.056499	0.307143
1503471728611Bitfinex	BID	0.056512	6.475058040000001
1503471728611Bitfinex	BID	0.056527	0.2258055
1503471728611Bitfinex	BID	0.05653	0.22580598
1503471728611Poloniex	ASK	0.05655647	17.25811205
1503471736613Bitfinex	BID	0.056511	0.22642277
1503471736613Poloniex	ASK	0.05655647	17.25811205
1503471753484Bitfinex	BID	0.056434	75.99764386
1503471753484Bitfinex	BID	0.056497	0.307143
1503471753484Bitfinex	BID	0.056498	0.22581124
1503471753484Poloniex	ASK	0.05655647	17.25811205
1503471757692Bitfinex	BID	0.056498	0.307143
1503471757692Bitfinex	BID	0.056499	1.0645127
1503471757692Poloniex	ASK	0.05655647	17.25811205
1503471835603Poloniex	BID	0.05633299	0.0103481
1503471835603Bitfinex	ASK	0.0564	0.63205214
1503471835603Bitfinex	ASK	0.05639	37.021
1503471835603Bitfinex	ASK	0.056389	8.0
1503471835603Bitfinex	ASK	0.056386	9.95549436
1503471862523Poloniex	BID	0.05633298	1.8703032
1503471862523Bitfinex	ASK	0.056396	0.58205214
1503471864579Poloniex	BID	0.05633298	1.8703032
1503471864579Bitfinex	ASK	0.056396	0.58205214
1503471864579Bitfinex	ASK	0.056387	37.625
1503471911489Poloniex	BID	0.05633299	0.0103481
1503471911489Bitfinex	ASK	0.056401	36.946
1503471911489Bitfinex	ASK	0.0564	9.36409188
1503471911489Bitfinex	ASK	0.056398	83.59365096
1503472379332Bitfinex	BID	0.05665	4.95E-4
1503472379332Poloniex	ASK	0.05675998	49.03933669
1503472379332Poloniex	ASK	0.05673999	0.00352486
1503472456139Bitfinex	BID	0.056772	3.13092787
1503472456139Poloniex	ASK	0.05684833	40.69756113
1503472561301Bitfinex	BID	0.056772	3.4609279199999996
1503472561301Poloniex	ASK	0.05686789	40.3262696
1503472587085Bitfinex	BID	0.056772	4.30547002
1503472587085Bitfinex	BID	0.056867	0.184542
1503472587085Poloniex	ASK	0.05687484	4.47951882
1503472905956Bitfinex	BID	0.056837	0.242198
1503472905956Bitfinex	BID	0.056838	3.0
1503472905956Poloniex	ASK	0.05684786	3.42830005
1503472909182Bitfinex	BID	0.056834	0.242202
1503472909182Poloniex	ASK	0.05684786	3.42830005
1503473119778Poloniex	BID	0.0564215	0.18074231
1503473119778Bitfinex	ASK	0.056434	0.57325771
1503473191451Poloniex	BID	0.05639993	2.96632085
1503473191451Poloniex	BID	0.05639994	0.3712802
1503473191451Poloniex	BID	0.0564	3.08865248
1503473191451Bitfinex	ASK	0.056423	0.57325771
1503473213240Poloniex	BID	0.05639986	0.41821521
1503473213240Poloniex	BID	0.05639987	2.92014322
1503473213240Bitfinex	ASK	0.056424	5.29230059
1503473223802Poloniex	BID	0.05639985	2.76588306
1503473223802Bitfinex	ASK	0.056434	0.57325771
1503473284214Poloniex	BID	0.05631855	3.30111172
1503473284214Bitfinex	ASK	0.05632	10.375977129999999
1503473482264Poloniex	BID	0.05619237	1.32773016
1503473482264Poloniex	BID	0.05619238	0.24409298
1503473482264Poloniex	BID	0.05619239	3.30111172
1503473482264Poloniex	BID	0.05621714	1.25906664
1503473482264Poloniex	BID	0.05621716	0.40082217
1503473482264Poloniex	BID	0.05622516	0.1838403
1503473482264Poloniex	BID	0.05623336	0.01437728
1503473482264Poloniex	BID	0.05627423	0.0017771
1503473482264Poloniex	BID	0.05628613	0.34029424
1503473482264Poloniex	BID	0.05633107	0.01051521
1503473482264Poloniex	BID	0.05633298	0.34001123
1503473482264Poloniex	BID	0.05633299	0.0018074
1503473482264Bitfinex	ASK	0.056389	0.01137953
1503473482841Poloniex	BID	0.05628613	0.34029424
1503473482841Bitfinex	ASK	0.056422	0.01171267
1503473483308Poloniex	BID	0.05628613	0.34029424
1503473483308Bitfinex	ASK	0.056422	0.012025339999999999
1503473484073Poloniex	BID	0.05619239	3.30111172
1503473484073Poloniex	BID	0.05639998	15.25839194
1503473484073Bitfinex	ASK	0.056422	0.028868829999999998
1503473484955Poloniex	BID	0.05638147	0.11241686
1503473484955Bitfinex	ASK	0.056422	0.01000216
1503473487871Poloniex	BID	0.05621713	0.117
1503473487871Bitfinex	ASK	0.056422	0.01393945
1503473491433Poloniex	BID	0.05621712	15.19185613
1503473491433Poloniex	BID	0.05639745	0.06527489
1503473491433Bitfinex	ASK	0.056422	0.026490760000000002
1503473492108Poloniex	BID	0.05619238	0.38393327
1503473492108Bitfinex	ASK	0.056422	0.01083468
1503473498771Poloniex	BID	0.05619239	3.30111172
1503473498771Poloniex	BID	0.05621711	14.92090319
1503473498771Bitfinex	ASK	0.056422	0.01004914
1503473500251Poloniex	BID	0.05627473	0.01051521
1503473500251Bitfinex	ASK	0.056422	0.01009828
1503473501771Poloniex	BID	0.05594143	0.2599791
1503473501771Bitfinex	ASK	0.056011	23.798658189999998
1503473510395Poloniex	BID	0.05604804	0.24857602
1503473510395Poloniex	BID	0.0560481	0.21767425
1503473510395Poloniex	BID	0.05606518	0.07691336
1503473510395Poloniex	BID	0.05606522	0.28177786
1503473510395Poloniex	BID	0.05619238	0.17882291
1503473510395Bitfinex	ASK	0.056422	0.01294174
1503473513884Poloniex	BID	0.05613768	0.20954743
1503473513884Poloniex	BID	0.05614773	0.00578226
1503473513884Poloniex	BID	0.05617816	0.06814501
1503473513884Poloniex	BID	0.05619237	0.08623809
1503473513884Bitfinex	ASK	0.056422	0.01298348
1503473514601Poloniex	BID	0.05619916	0.02576295
1503473514601Bitfinex	ASK	0.056422	0.01380053
1503473515828Poloniex	BID	0.05625603	0.19027946
1503473515828Bitfinex	ASK	0.056422	0.02663721
1503473519529Poloniex	BID	0.05625622	0.06479262
1503473519529Poloniex	BID	0.05632372	0.30641748
1503473519529Bitfinex	ASK	0.056422	0.01042628
1503473521293Poloniex	BID	0.05636856	0.23663667
1503473521293Bitfinex	ASK	0.056422	0.01045256
1503473525133Poloniex	BID	0.05617816	0.06814501
1503473525133Bitfinex	ASK	0.056422	0.02235518
1503473567733Poloniex	BID	0.05619236	0.17826935
1503473567733Poloniex	BID	0.05621714	1.25906664
1503473567733Poloniex	BID	0.05628608	15.27964155
1503473567733Poloniex	BID	0.05628609	14.85035657
1503473567733Bitfinex	ASK	0.056422	0.01189784
1503473571955Poloniex	BID	0.05621713	0.117
1503473571955Bitfinex	ASK	0.056422	0.0108499
1503473574421Poloniex	BID	0.05628606	14.98648962
1503473574421Poloniex	BID	0.05628607	12.07724247
1503473574421Bitfinex	ASK	0.056422	0.010899800000000001
1503473577241Poloniex	BID	0.05628605	15.54955494
1503473577241Bitfinex	ASK	0.056422	0.01019674
1503473589205Poloniex	BID	0.05617999	0.17828888
1503473589205Poloniex	BID	0.05618	3.6
1503473589205Poloniex	BID	0.05621713	0.117
1503473589205Poloniex	BID	0.05628601	15.45484861
1503473589205Bitfinex	ASK	0.056422	0.01042149
1503473592884Poloniex	BID	0.056286	14.88235836
1503473592884Bitfinex	ASK	0.056422	0.010442980000000001
1503473631444Poloniex	BID	0.05599755	0.08586612
1503473631444Bitfinex	ASK	0.05601	7.03213783
1503473631444Bitfinex	ASK	0.056	159.57669444
1503473696837Poloniex	BID	0.05617999	0.17848565
1503473696837Poloniex	BID	0.05621845	0.01051521
1503473696837Poloniex	BID	0.05628597	12.04144847
1503473696837Bitfinex	ASK	0.056422	0.0115631
1503473781467Poloniex	BID	0.05618	3.6
1503473781467Poloniex	BID	0.05628596	14.91182793
1503473781467Bitfinex	ASK	0.056584	0.1590542
1503473785703Poloniex	BID	0.05618	3.6
1503473785703Bitfinex	ASK	0.056422	0.01278946
1503473845881Poloniex	BID	0.05617999	0.17848529
1503473845881Poloniex	BID	0.05618	3.6
1503473845881Poloniex	BID	0.05621713	0.117
1503473845881Poloniex	BID	0.05628595	11.91977643
1503473845881Bitfinex	ASK	0.056422	0.01202833
1503473953827Poloniex	BID	0.05617999	0.17848495
1503473953827Poloniex	BID	0.05618	3.6
1503473953827Poloniex	BID	0.05628593	14.85199119
1503473953827Poloniex	BID	0.05628594	11.84552214
1503473953827Poloniex	BID	0.05628595	11.91977643
1503473953827Bitfinex	ASK	0.056421	0.01041257
1503474193199Poloniex	BID	0.05617994	0.17844325
1503474193199Poloniex	BID	0.05617995	0.68316576
1503474193199Poloniex	BID	0.05618	3.6
1503474193199Poloniex	BID	0.0562859	12.22643965
1503474193199Poloniex	BID	0.05628591	15.49243468
1503474193199Bitfinex	ASK	0.0564	0.15
1503475684967Bitfinex	BID	0.056	5.57329802
1503475684967Poloniex	ASK	0.05600006	0.44129492
1503475719131Bitfinex	BID	0.055999	2.09325635
1503475719131Poloniex	ASK	0.05600012	0.44129492
1503475737793Bitfinex	BID	0.056	16.39292532
1503475737793Poloniex	ASK	0.05600016	0.44129492
1503475737793Poloniex	ASK	0.05600001	7.369
1503475750146Bitfinex	BID	0.055999	4.17569122
1503475750146Poloniex	ASK	0.05600018	0.44129492
1503475750146Poloniex	ASK	0.05600001	7.776
1503475764861Bitfinex	BID	0.055999	5.81751221
1503475764861Poloniex	ASK	0.0560002	0.44129492
1503475781066Bitfinex	BID	0.056	21.96622334
1503475781066Poloniex	ASK	0.05600024	0.44129492
1503476672566Poloniex	BID	0.05609987	0.1664888
1503476672566Poloniex	BID	0.05617825	0.18348167
1503476672566Poloniex	BID	0.05617836	45.46543804
1503476672566Bitfinex	ASK	0.05619	0.7898811
1503476971709Bitfinex	BID	0.056194	10.50859777
1503476971709Bitfinex	BID	0.056195	10.28685062
1503476971709Poloniex	ASK	0.05621713	15.62973946
1503476972701Bitfinex	BID	0.056193	5.37446163
1503476972701Poloniex	ASK	0.05621713	15.62973946
1503476977596Bitfinex	BID	0.056194	15.48454868
1503476977596Poloniex	ASK	0.05621713	15.62973946
1503476978704Bitfinex	BID	0.056194	7.99999999
1503476978704Poloniex	ASK	0.05621713	15.62973946
1503476980661Bitfinex	BID	0.056193	6.83203773
1503476980661Poloniex	ASK	0.05621713	15.62973946
1503476981466Bitfinex	BID	0.056192	10.28685062
1503476981466Poloniex	ASK	0.05621713	15.62973946
1503476992416Bitfinex	BID	0.056191	9.16796225
1503476992416Poloniex	ASK	0.05621713	15.62973946
1503477027000Bitfinex	BID	0.056192	19.601599229999998
1503477027000Poloniex	ASK	0.05631875	0.31995668
1503477372329Bitfinex	BID	0.056189	5.537
1503477372329Bitfinex	BID	0.05619	9.97091747
1503477372329Poloniex	ASK	0.05631875	0.08283822
1503477821988Bitfinex	BID	0.055905	1.063285
1503477821988Poloniex	ASK	0.05597578	2.45869342
1503477821988Poloniex	ASK	0.05597576	0.26679738
1503477821988Poloniex	ASK	0.0559756	9.77641367
1503477821988Poloniex	ASK	0.05595001	3.92
1503477821988Poloniex	ASK	0.05595	0.43513119
1503477939119Bitfinex	BID	0.055905	1.13660139
1503477939119Poloniex	ASK	0.05597606	0.37839885
1503478014653Poloniex	BID	0.05554102	0.22391346
1503478014653Bitfinex	ASK	0.055585	19.3435
1503478014653Bitfinex	ASK	0.055581	241.21387979
1503478167135Poloniex	BID	0.05552365	0.73512796
1503478167135Poloniex	BID	0.05552366	0.45322104
1503478167135Poloniex	BID	0.05554488	0.11775477
1503478167135Poloniex	BID	0.05557649	0.09149528
1503478167135Bitfinex	ASK	0.055581	242.35558122
1503478178403Poloniex	BID	0.05552361	0.0059398
1503478178403Bitfinex	ASK	0.055581	243.23737642
1503478200991Poloniex	BID	0.05552366	0.45322104
1503478200991Bitfinex	ASK	0.055581	244.08527080000002
1503478387092Poloniex	BID	0.05531875	1.03887876
1503478387092Poloniex	BID	0.05539923	1.0
1503478387092Bitfinex	ASK	0.055581	244.3419862
1503478867030Poloniex	BID	0.05535353	0.07217237
1503478867030Bitfinex	ASK	0.055361	941.80577143
1503478967581Poloniex	BID	0.05530001	11.30860574
1503478967581Bitfinex	ASK	0.055361	964.7197674500001
1503479548800Poloniex	BID	0.05520118	4.88423661
1503479548800Poloniex	BID	0.0552012	2.62552554
1503479548800Poloniex	BID	0.05520125	0.25749459
1503479548800Poloniex	BID	0.05520128	0.00657466
1503479548800Poloniex	BID	0.05520147	0.19209747
1503479548800Bitfinex	BID	0.055256	1.34547901
1503479548800Bitfinex	BID	0.055267	6.70046634
1503479548800Poloniex	BID	0.05531933	3.52240411
1503479548800Poloniex	BID	0.05531934	28.73889526
1503479548800Poloniex	BID	0.05535547	0.04189026
1503479548800Poloniex	BID	0.0553629	0.0269061
1503479548800Bitfinex	BID	0.055368	8.241
1503479548800Bitfinex	BID	0.055369	7.99999999
1503479548800Bitfinex	BID	0.05537	29.887
1503479548800Poloniex	BID	0.05544041	0.17312709
1503479548800Bitfinex	BID	0.055454	0.33616223
1503479548800Bitfinex	BID	0.055459	3.86560543
1503479548800Bitfinex	ASK	0.0555	371.55019701
1503479550142Poloniex	BID	0.05520118	4.88423661
1503479550142Bitfinex	ASK	0.0555	741.03387898
1503479552809Poloniex	BID	0.05531934	28.73889526
1503479552809Bitfinex	ASK	0.0555	2169.5611270599998
1503479559223Poloniex	BID	0.05531933	1.27920783
1503479559223Bitfinex	ASK	0.0555	4457.3667952
1503479562106Poloniex	BID	0.05520118	0.04022625
1503479562106Bitfinex	ASK	0.0555	5047.84825124
1503479604870Poloniex	BID	0.05520118	0.04022625
1503479604870Bitfinex	ASK	0.055501	8.58257848
1503479604870Bitfinex	ASK	0.0555	7806.895971839998
1503479611895Poloniex	BID	0.05520118	0.04022625
1503479611895Bitfinex	ASK	0.0555	8066.139598159998
1503479621671Poloniex	BID	0.05535546	0.18143866
1503479621671Bitfinex	ASK	0.055501	2.9224945
1503479628845Poloniex	BID	0.05544039	4.93039509
1503479628845Bitfinex	ASK	0.055501	5.64287501
1503479693825Poloniex	BID	0.05544027	3.394267
1503479693825Bitfinex	ASK	0.055501	2.95000783
1503479705073Poloniex	BID	0.05544025	2.96346079
1503479705073Bitfinex	ASK	0.055501	5.90042725
1503479716327Poloniex	BID	0.05544023	2.96346079
1503479716327Bitfinex	ASK	0.055501	6.86697967
1503479726977Poloniex	BID	0.05544021	3.14814316
1503479726977Bitfinex	ASK	0.0555	8321.939621479998
1503479741970Poloniex	BID	0.05538503	0.18227197
1503479741970Bitfinex	ASK	0.055501	17.310029309999997
1503479741970Bitfinex	ASK	0.0555	8576.477255799999
1503479778491Poloniex	BID	0.05544041	0.17312709
1503479778491Bitfinex	ASK	0.055501	24.306318689999998
1503480048189Poloniex	BID	0.0555	0.20722904
1503480048189Bitfinex	ASK	0.055511	13.066238919999998
1503480077793Poloniex	BID	0.05549999	0.94769727
1503480077793Bitfinex	ASK	0.055511	14.688554909999999
1503480102678Poloniex	BID	0.05544026	0.20722904
1503480102678Bitfinex	ASK	0.0555	8817.729924149999
1503480136734Poloniex	BID	0.05544044	2.02124959
1503480136734Bitfinex	ASK	0.055501	0.67347719
1503480150296Poloniex	BID	0.05544044	2.02124959
1503480150296Bitfinex	ASK	0.055501	6.71550596
1503480162061Poloniex	BID	0.05544044	2.02124959
1503480162061Bitfinex	ASK	0.055501	8.0
1503480199693Poloniex	BID	0.0554444	0.92133047
1503480199693Bitfinex	ASK	0.0555	9058.965085339998
1503480250380Poloniex	BID	0.05544439	1.91506179
1503480250380Bitfinex	ASK	0.0555	9276.582170529999
1503480259275Poloniex	BID	0.0554444	0.92133047
1503480259275Bitfinex	ASK	0.0555	9487.041926719998
1503480405910Poloniex	BID	0.05549998	0.01157259
1503480405910Bitfinex	ASK	0.0555	10501.922517669997
1503480430660Poloniex	BID	0.05549998	0.01157259
1503480430660Bitfinex	ASK	0.0555	10702.088060859996
1503480455998Poloniex	BID	0.05549998	1.13236135
1503480455998Bitfinex	ASK	0.0555	10901.529251049997
1503480516038Poloniex	BID	0.05549998	1.13236135
1503480516038Bitfinex	ASK	0.0555	13250.935100469997
1503480557946Poloniex	BID	0.05549045	1.99700001
1503480557946Bitfinex	ASK	0.0555	14414.375827029997
1503480573813Poloniex	BID	0.05549045	1.99700001
1503480573813Bitfinex	ASK	0.0555	14599.536804169997
1503480621318Poloniex	BID	0.05549045	1.99700001
1503480621318Bitfinex	ASK	0.0555	14784.511481309997
1503480691627Poloniex	BID	0.05549045	1.99700001
1503480691627Bitfinex	ASK	0.0555	14969.433364819997
1503480714775Poloniex	BID	0.05549045	1.99700001
1503480714775Bitfinex	ASK	0.0555	15154.190479329996
1503480788752Poloniex	BID	0.05549044	7.730952
1503480788752Bitfinex	ASK	0.0555	15865.602771369997
1503480830751Poloniex	BID	0.0555	39.93986204
1503480830751Bitfinex	ASK	0.055501	8.0
1503480840559Poloniex	BID	0.05549999	7.569128
1503480840559Bitfinex	ASK	0.055501	3.98363864
1503480845343Poloniex	BID	0.0555	1.76660856
1503480845343Bitfinex	ASK	0.055501	17.7590769
1503480848363Poloniex	BID	0.05549999	7.569128
1503480848363Bitfinex	ASK	0.055501	19.95839716
1503480852972Poloniex	BID	0.05549998	4.83087173
1503480852972Poloniex	BID	0.05549999	1.76660856
1503480852972Bitfinex	ASK	0.0556	0.08448286
1503480862873Poloniex	BID	0.05549999	1.76660856
1503480862873Poloniex	BID	0.05563143	0.53302515
1503480862873Bitfinex	ASK	0.055634	0.0101021
1503480871555Poloniex	BID	0.05549999	1.76660856
1503480871555Bitfinex	ASK	0.055502	0.0101021
1503480876486Poloniex	BID	0.0555	0.0423
1503480876486Bitfinex	ASK	0.055501	0.0101021
1503480947544Poloniex	BID	0.05540095	0.01003058
1503480947544Bitfinex	ASK	0.055504	3.2385806599999998
1503480951552Poloniex	BID	0.05540094	3.53595366
1503480951552Bitfinex	ASK	0.055504	5.34153147
1503480961141Poloniex	BID	0.05540094	3.53595366
1503480961141Bitfinex	ASK	0.055504	10.20781791
1503480966058Poloniex	BID	0.05540093	1.70353067
1503480966058Bitfinex	ASK	0.055504	13.17701258
1503480969363Poloniex	BID	0.05540094	1.70353067
1503480969363Bitfinex	ASK	0.055634	0.01853053
1503480980434Poloniex	BID	0.05540094	1.75350174
1503480980434Bitfinex	ASK	0.055504	14.429766789999999
1503481006714Poloniex	BID	0.05540092	131.02936074
1503481006714Poloniex	BID	0.05540094	1.75350174
1503481006714Bitfinex	ASK	0.055504	15.296010659999999
1503481010194Poloniex	BID	0.05540092	131.02936074
1503481010194Bitfinex	ASK	0.055501	0.86629069
1503481015131Poloniex	BID	0.05540091	2.86303106
1503481015131Bitfinex	ASK	0.055501	5.887070850000001
1503481020808Poloniex	BID	0.05540091	2.86303106
1503481020808Poloniex	BID	0.05540092	131.02936074
1503481020808Bitfinex	ASK	0.055501	10.04156032
1503481023201Poloniex	BID	0.05540094	4.33664496
1503481023201Bitfinex	ASK	0.055501	15.45667572
1503481025472Poloniex	BID	0.05540091	2.86303106
1503481025472Bitfinex	ASK	0.055502	4.15449932
1503481025472Bitfinex	ASK	0.055501	16.71730165
1503481026895Poloniex	BID	0.05540091	2.86303106
1503481026895Bitfinex	ASK	0.055503	1.2605805
1503481038246Poloniex	BID	0.05530557	122.87414943
1503481038246Bitfinex	ASK	0.055503	6.67357402
1503481051809Poloniex	BID	0.05530556	5.87628529
1503481051809Bitfinex	ASK	0.055503	11.75850368
1503481063321Poloniex	BID	0.05540094	4.33664496
1503481063321Bitfinex	ASK	0.055503	17.16658927
1503481074669Poloniex	BID	0.05540094	4.33664496
1503481074669Poloniex	BID	0.05564199	4.93059553
1503481074669Poloniex	BID	0.05580948	26.34765736
1503481074669Bitfinex	ASK	0.05581	7.18308962
1503481075712Poloniex	BID	0.05580948	26.34765736
1503481075712Bitfinex	ASK	0.05581	12.73895654
1503481078530Poloniex	BID	0.05540094	4.33664496
1503481078530Poloniex	BID	0.05580948	26.34765736
1503481078530Bitfinex	ASK	0.05581	16.29482346
1503481100907Poloniex	BID	0.05540094	4.33664496
1503481100907Bitfinex	ASK	0.0555	16530.654043079994
1503481108612Poloniex	BID	0.05564227	3.59711911
1503481108612Bitfinex	ASK	0.055855	5.90106721
1503481108815Poloniex	BID	0.05540094	4.33664496
1503481108815Bitfinex	ASK	0.055855	11.82039292
1503481109192Poloniex	BID	0.05540094	4.33664496
1503481109192Bitfinex	ASK	0.055855	11.83865142
1503481114242Poloniex	BID	0.05540094	4.33664496
1503481114242Poloniex	BID	0.05580946	3.92
1503481114242Bitfinex	ASK	0.055855	11.92063112
1503481115327Poloniex	BID	0.05540094	4.33664496
1503481115327Bitfinex	ASK	0.055503	27.395216679999997
1503481117748Poloniex	BID	0.05540094	4.33664496
1503481117748Bitfinex	ASK	0.055504	0.0182585
1503481127002Poloniex	BID	0.05540094	4.33664496
1503481127002Bitfinex	ASK	0.055505	1.93361723
1503481127002Bitfinex	ASK	0.0555	16691.429985339993
1503481128496Poloniex	BID	0.05540093	3.51394988
1503481128496Bitfinex	ASK	0.055501	1.93361723
1503481159422Poloniex	BID	0.05540094	4.33664496
1503481159422Bitfinex	ASK	0.055518	1.90854441
1503481159422Bitfinex	ASK	0.055517	4.15394528
1503481169635Poloniex	BID	0.05540094	4.33664496
1503481169635Bitfinex	ASK	0.055518	8.1006018
1503481184612Poloniex	BID	0.05540094	4.33664496
1503481184612Bitfinex	ASK	0.055518	14.833991229999999
1503481198471Poloniex	BID	0.05540094	4.33664496
1503481198471Bitfinex	ASK	0.055519	0.31627
1503481228106Poloniex	BID	0.05540093	4.12984589
1503481228106Bitfinex	ASK	0.055519	1.90854441
1503481228106Bitfinex	ASK	0.055518	19.65883625
1503481251825Poloniex	BID	0.05537955	0.21121913
1503481251825Poloniex	BID	0.05540088	4.93039509
1503481251825Poloniex	BID	0.0554009	2.84991195
1503481251825Poloniex	BID	0.05540093	0.25315862
1503481251825Bitfinex	ASK	0.055501	1.90854441
1503481259364Poloniex	BID	0.05537953	4.93039509
1503481259364Bitfinex	ASK	0.05552	1.90789121
1503481259364Bitfinex	ASK	0.055519	4.82709612
1503481268508Poloniex	BID	0.05537951	4.93039509
1503481268508Bitfinex	ASK	0.055521	4.81533986
1503481268881Poloniex	BID	0.05537952	7.26834815
1503481268881Bitfinex	ASK	0.055501	1.90854441
1503481271020Poloniex	BID	0.05540093	9.55798708
1503481271020Bitfinex	ASK	0.055522	1.90782248
1503481273667Poloniex	BID	0.055102	3.0
1503481273667Bitfinex	ASK	0.055521	8.968230160000001
1503481277533Poloniex	BID	0.0553795	10.28856013
1503481277533Bitfinex	ASK	0.055532	4.7364136
1503481289375Poloniex	BID	0.05510199	3.92
1503481289375Poloniex	BID	0.05537947	5.2564205
1503481289375Poloniex	BID	0.05537948	4.93039509
1503481289375Bitfinex	ASK	0.055501	4.69557384
1503481293892Poloniex	BID	0.05537945	4.93039509
1503481293892Bitfinex	ASK	0.055501	5.47741969
1503481301793Poloniex	BID	0.05537945	4.93039509
1503481301793Poloniex	BID	0.05540093	9.55889338
1503481301793Bitfinex	ASK	0.055501	9.854608339999999
1503481321122Poloniex	BID	0.05537939	4.51320972
1503481321122Poloniex	BID	0.0553794	4.93113082
1503481321122Poloniex	BID	0.05540093	9.55889338
1503481321122Bitfinex	ASK	0.055533	7.2193E-4
1503481324321Poloniex	BID	0.05540093	9.55889338
1503481324321Bitfinex	ASK	0.055502	7.2193E-4
1503481358826Poloniex	BID	0.05540094	4.33664496
1503481358826Bitfinex	ASK	0.05568	5.17
1503481360563Poloniex	BID	0.05503197	4.55618507
1503481360563Bitfinex	ASK	0.055119	2.0
1503481360563Bitfinex	ASK	0.055065	5.0
1503481362827Poloniex	BID	0.05503197	4.55618507
1503481362827Bitfinex	ASK	0.055124	2.0
1503481362827Bitfinex	ASK	0.055071	5.0
1503481365764Poloniex	BID	0.05540091	4.93039509
1503481365764Bitfinex	ASK	0.05568	6.4341244699999995
1503481374319Poloniex	BID	0.05537936	3.8992995
1503481374319Poloniex	BID	0.05544842	0.28501108
1503481374319Bitfinex	ASK	0.055503	4.37743893
1503481375699Poloniex	BID	0.05537935	3.8070955
1503481375699Poloniex	BID	0.05540093	9.56162432
1503481375699Poloniex	BID	0.05546311	0.10495286
1503481375699Bitfinex	ASK	0.055504	7.2193E-4
1503481378226Poloniex	BID	0.05537934	4.93039509
1503481378226Poloniex	BID	0.0554009	9.56162432
1503481378226Bitfinex	ASK	0.05568	7.04455622
1503481386244Poloniex	BID	0.05537932	4.93039509
1503481386244Bitfinex	ASK	0.055504	4.3796015
1503481397553Poloniex	BID	0.0553793	4.93125889
1503481397553Poloniex	BID	0.05537934	9.56498949
1503481397553Bitfinex	ASK	0.055504	8.76024088
1503481409892Poloniex	BID	0.05537927	4.93125889
1503481409892Poloniex	BID	0.05537929	4.37410686
1503481409892Poloniex	BID	0.05549501	0.00725453
1503481409892Bitfinex	ASK	0.055504	13.140614939999999
1503481421453Poloniex	BID	0.05521958	1.34178545
1503481421453Poloniex	BID	0.05521959	0.01005153
1503481421453Poloniex	BID	0.05537925	4.93125889
1503481421453Poloniex	BID	0.05537929	4.37410686
1503481421453Bitfinex	ASK	0.055504	17.52179557
1503481423699Poloniex	BID	0.05537935	9.56498949
1503481423699Bitfinex	ASK	0.055504	21.55170217
1503481456285Poloniex	BID	0.05537918	1.34666142
1503481456285Poloniex	BID	0.05537919	4.93125889
1503481456285Bitfinex	ASK	0.055505	2.13097149
1503481460054Poloniex	BID	0.05537916	4.93125889
1503481460054Bitfinex	ASK	0.055507	1.50698139
1503481462955Poloniex	BID	0.05537915	1.94375996
1503481462955Poloniex	BID	0.05537918	1.34666142
1503481462955Bitfinex	ASK	0.055508	0.92205021
1503481465865Poloniex	BID	0.05537915	1.94375996
1503481465865Bitfinex	ASK	0.055509	0.13316851
1503481487973Poloniex	BID	0.05537907	4.93125889
1503481487973Poloniex	BID	0.05537909	0.95535541
1503481487973Poloniex	BID	0.05540093	9.56498949
1503481487973Bitfinex	ASK	0.055501	2.19932026
1503481493567Poloniex	BID	0.05537906	3.39060723
1503481493567Poloniex	BID	0.05537908	9.56498949
1503481493567Poloniex	BID	0.05537909	0.95535541
1503481493567Bitfinex	ASK	0.055502	4.35115997
1503481499229Poloniex	BID	0.05537903	1.67707686
1503481499229Poloniex	BID	0.05537904	4.93125889
1503481499229Poloniex	BID	0.05537906	3.39060723
1503481499229Poloniex	BID	0.05540093	39.35873127
1503481499229Bitfinex	ASK	0.055503	2.19932026
1503481505562Poloniex	BID	0.05537905	25.714
1503481505562Bitfinex	ASK	0.055502	8.702664630000001
1503481514012Poloniex	BID	0.055379	1.5685743
1503481514012Poloniex	BID	0.05537901	4.93125889
1503481514012Poloniex	BID	0.05537905	25.714
1503481514012Bitfinex	ASK	0.055503	8.0
1503481519269Poloniex	BID	0.05537898	4.5577541
1503481519269Bitfinex	ASK	0.055503	20.788222400000002
1503481530133Poloniex	BID	0.05537895	4.5577541
1503481530133Poloniex	BID	0.05537897	0.85484925
1503481530133Poloniex	BID	0.05537899	0.25655187
1503481530133Bitfinex	ASK	0.055503	33.580190890000004
1503481533000Poloniex	BID	0.05540093	39.35873127
1503481533000Bitfinex	ASK	0.055503	38.37215938000001
1503481536855Poloniex	BID	0.05533381	0.20684205
1503481536855Bitfinex	ASK	0.055504	8.0
1503481542521Poloniex	BID	0.0553338	4.60825012
1503481542521Poloniex	BID	0.05537893	4.5577541
1503481542521Poloniex	BID	0.05537901	9.56498949
1503481542521Bitfinex	ASK	0.055504	20.79118835
1503481570369Poloniex	BID	0.05514499	0.09827175
1503481570369Poloniex	BID	0.05521582	0.12813844
1503481570369Poloniex	BID	0.05533376	4.5577541
1503481570369Poloniex	BID	0.05533377	2.61913183
1503481570369Poloniex	BID	0.05537203	0.17661429
1503481570369Poloniex	BID	0.0553789	5.676
1503481570369Bitfinex	ASK	0.055504	33.35632876
1503481605215Poloniex	BID	0.05533369	4.5577541
1503481605215Poloniex	BID	0.05533371	5.65386791
1503481605215Poloniex	BID	0.05533373	0.27706758
1503481605215Poloniex	BID	0.05533377	2.61913183
1503481605215Poloniex	BID	0.05537888	8.536
1503481605215Poloniex	BID	0.05537889	42.06145613
1503481605215Poloniex	BID	0.05540093	6.56735842
1503481605215Bitfinex	ASK	0.055504	45.586200389999995
1503481606612Poloniex	BID	0.05533368	2.61913183
1503481606612Poloniex	BID	0.05533372	9.26935072
1503481606612Poloniex	BID	0.05537887	4.5577541
1503481606612Bitfinex	ASK	0.055504	53.024883669999994
1503481613674Poloniex	BID	0.05533368	2.61913183
1503481613674Poloniex	BID	0.05533373	0.27706758
1503481613674Poloniex	BID	0.05537885	4.5577541
1503481613674Poloniex	BID	0.05537886	13.765
1503481613674Poloniex	BID	0.05540092	42.04473053
1503481613674Bitfinex	ASK	0.055504	4.5057074
1503481626724Poloniex	BID	0.05537201	4.5577541
1503481626724Bitfinex	ASK	0.055504	6.332188260000001
1503481627240Poloniex	BID	0.05533367	29.738
1503481627240Bitfinex	ASK	0.055501	4.29040177
1503481637237Poloniex	BID	0.05527357	4.5577541
1503481637237Poloniex	BID	0.05527359	1.57248744
1503481637237Poloniex	BID	0.05533359	4.51364138
1503481637237Poloniex	BID	0.0553336	0.28628242
1503481637237Poloniex	BID	0.05540093	42.06668989
1503481637237Bitfinex	ASK	0.055504	4.4789331
1503481649193Poloniex	BID	0.05527355	4.5577541
1503481649193Poloniex	BID	0.05533358	33.591
1503481649193Poloniex	BID	0.05533366	2.58626739
1503481649193Poloniex	BID	0.05533367	0.25655187
1503481649193Bitfinex	ASK	0.055501	4.69757147
1503481661145Poloniex	BID	0.05527349	3.51230271
1503481661145Poloniex	BID	0.0552735	0.00318951
1503481661145Poloniex	BID	0.05527352	4.5577541
1503481661145Poloniex	BID	0.05533345	0.27706758
1503481661145Poloniex	BID	0.05533357	30.138
1503481661145Bitfinex	ASK	0.055501	9.51234278
1503481733980Poloniex	BID	0.05526353	5.1435474
1503481733980Poloniex	BID	0.05526354	4.5577541
1503481733980Poloniex	BID	0.05527344	6.56735842
1503481733980Poloniex	BID	0.05527345	2.58626739
1503481733980Poloniex	BID	0.05533345	0.27706758
1503481733980Poloniex	BID	0.05533366	2.58626739
1503481733980Bitfinex	ASK	0.055501	4.81399519
1503481745240Poloniex	BID	0.05526351	4.5577541
1503481745240Bitfinex	ASK	0.055501	9.6307086
1503481757563Poloniex	BID	0.05526348	7.60272062
1503481757563Poloniex	BID	0.05526349	4.5577541
1503481757563Bitfinex	ASK	0.055501	14.44946674
1503481764564Poloniex	BID	0.05526346	4.5577541
1503481764564Poloniex	BID	0.05533343	40.59002213
1503481764564Poloniex	BID	0.05533344	40.59001479
1503481764564Bitfinex	ASK	0.055501	19.25170481
1503481769853Poloniex	BID	0.05526344	4.5577541
1503481769853Poloniex	BID	0.05526347	2.58626739
1503481769853Bitfinex	ASK	0.055501	24.06937535
1503481781444Poloniex	BID	0.0552634	6.34788953
1503481781444Poloniex	BID	0.05526341	4.5577541
1503481781444Bitfinex	ASK	0.055501	28.887139140000002
1503481821514Poloniex	BID	0.05520251	0.02725411
1503481821514Poloniex	BID	0.05526298	4.5577541
1503481821514Poloniex	BID	0.05526299	7.95247602
1503481821514Poloniex	BID	0.055263	0.27706758
1503481821514Poloniex	BID	0.05526333	2.58626739
1503481821514Poloniex	BID	0.05527349	6.56735842
1503481821514Poloniex	BID	0.0552735	0.00318951
1503481821514Poloniex	BID	0.05533343	41.50437333
1503481821514Poloniex	BID	0.05533345	0.27706758
1503481821514Bitfinex	ASK	0.0555	16845.774107159992
1503481842342Poloniex	BID	0.05523685	0.21008823
1503481842342Poloniex	BID	0.0552735	0.00318951
1503481842342Poloniex	BID	0.05533344	3.80054078
1503481842342Bitfinex	ASK	0.0555	16999.34182809999
1503481853856Poloniex	BID	0.05533345	0.27706758
1503481853856Bitfinex	ASK	0.055501	3.85129566
1503481919673Poloniex	BID	0.05546311	0.10495286
1503481919673Bitfinex	ASK	0.055501	19.24133942
1503482009967Poloniex	BID	0.05540023	0.17114131
1503482009967Bitfinex	ASK	0.055501	4.38363335
1503482017694Poloniex	BID	0.05540023	0.17114131
1503482017694Poloniex	BID	0.05566643	0.25655187
1503482017694Bitfinex	ASK	0.055772	1.0
1503482054443Poloniex	BID	0.05581476	3.351
1503482054443Poloniex	BID	0.05596218	29.13983925
1503482054443Bitfinex	ASK	0.056	3.17795564
1503482055710Poloniex	BID	0.05566645	0.18052095
1503482055710Bitfinex	ASK	0.055783	0.9986232500000001
1503482066208Poloniex	BID	0.05566645	0.18052095
1503482066208Bitfinex	ASK	0.055783	1.4573125
1503482080716Poloniex	BID	0.05586814	29.46830816
1503482080716Poloniex	BID	0.05588859	3.344
1503482080716Poloniex	BID	0.05596229	44.29974599
1503482080716Poloniex	BID	0.0559623	18.11897472
1503482080716Poloniex	BID	0.05597558	14.232
1503482080716Bitfinex	ASK	0.056	9.66979438
1503482082583Poloniex	BID	0.05586813	29.44512896
1503482082583Bitfinex	ASK	0.056	24.85494113
1503482090699Poloniex	BID	0.05566643	0.28707171
1503482090699Poloniex	BID	0.05566644	0.25655187
1503482090699Poloniex	BID	0.05566647	0.00180939
1503482090699Poloniex	BID	0.05592736	14.949
1503482090699Bitfinex	ASK	0.056	31.36631517
1503482100088Poloniex	BID	0.05566645	0.25655187
1503482100088Poloniex	BID	0.05588314	29.3082972
1503482100088Poloniex	BID	0.05591097	11.681
1503482100088Bitfinex	ASK	0.056	37.86770421
1503482101599Poloniex	BID	0.05589435	14.972
1503482101599Bitfinex	ASK	0.056	44.349093249999996
1503482112078Poloniex	BID	0.05566642	0.18018738
1503482112078Poloniex	BID	0.05587774	15.878
1503482112078Poloniex	BID	0.05597558	3.60848646
1503482112078Bitfinex	ASK	0.056	50.79715143
1503482113859Poloniex	BID	0.05566642	0.18018738
1503482113859Bitfinex	ASK	0.056	57.22520961
1503482135245Poloniex	BID	0.05566646	0.13
1503482135245Poloniex	BID	0.05588328	4.116
1503482135245Poloniex	BID	0.05597557	28.94436163
1503482135245Bitfinex	ASK	0.056	63.63326779
1503482159479Poloniex	BID	0.05566646	0.13
1503482159479Poloniex	BID	0.05588337	4.903
1503482159479Poloniex	BID	0.05588338	4.31521203
1503482159479Poloniex	BID	0.05588339	4.45
1503482159479Bitfinex	ASK	0.056	70.01135597
1503482161775Poloniex	BID	0.05592758	3.91007121
1503482161775Bitfinex	ASK	0.056	94.24703244999999
1503482172239Poloniex	BID	0.05598908	18.11897472
1503482172239Bitfinex	ASK	0.056	111.96904481
1503482191453Poloniex	BID	0.05587338	0.17977225
1503482191453Poloniex	BID	0.05588328	8.929
1503482191453Bitfinex	ASK	0.056	117.32226893
1503482198046Poloniex	BID	0.05588328	8.767
1503482198046Poloniex	BID	0.05597558	3.91007121
1503482198046Bitfinex	ASK	0.056	122.67029305000001
1503482200594Poloniex	BID	0.05587337	0.17977232
1503482200594Bitfinex	ASK	0.056	127.76699499000001
1503482243490Poloniex	BID	0.05587332	3.99451298
1503482243490Poloniex	BID	0.05587334	8.69
1503482243490Bitfinex	ASK	0.056	132.79874947000002
1503482246327Poloniex	BID	0.05587331	8.528
1503482246327Bitfinex	ASK	0.056	136.72262595
1503482256867Poloniex	BID	0.05558547	1.0
1503482256867Poloniex	BID	0.05566644	0.28509157
1503482256867Poloniex	BID	0.05566645	3.99451298
1503482256867Poloniex	BID	0.05587331	8.528
1503482256867Poloniex	BID	0.05588327	3.91007121
1503482256867Poloniex	BID	0.05597562	1.14718414
1503482256867Bitfinex	ASK	0.056	140.62201197000002
1503482259594Poloniex	BID	0.05597561	8.462
1503482259594Bitfinex	ASK	0.056	148.34731263
1503482261351Poloniex	BID	0.05597558	29.03670456
1503482261351Bitfinex	ASK	0.056	152.17322727
1503482263698Poloniex	BID	0.05558545	3.99451298
1503482263698Poloniex	BID	0.05558547	1.0
1503482263698Bitfinex	ASK	0.056	155.97465145
1503482264299Poloniex	BID	0.05597562	1.14718414
1503482264299Bitfinex	ASK	0.056	159.75158517
1503482351158Poloniex	BID	0.05566646	0.18635795
1503482351158Poloniex	BID	0.0558775	10.03
1503482351158Poloniex	BID	0.05587751	29.19287505
1503482351158Poloniex	BID	0.05597549	30.10804176
1503482351158Poloniex	BID	0.05597558	4.791
1503482351158Bitfinex	ASK	0.056	163.4799827
1503482439169Poloniex	BID	0.05555823	0.20147003
1503482439169Poloniex	BID	0.05566646	0.39810735
1503482439169Poloniex	BID	0.05587335	24.243
1503482439169Poloniex	BID	0.05587746	2.00260854
1503482439169Poloniex	BID	0.05596997	40.23474384
1503482439169Poloniex	BID	0.05596998	40.23473665
1503482439169Poloniex	BID	0.05597	1.80524474
1503482439169Poloniex	BID	0.05597559	0.87336245
1503482439169Poloniex	BID	0.0559756	0.001995
1503482439169Poloniex	BID	0.05597561	4.887
1503482439169Bitfinex	ASK	0.056	167.10060798
1503482439169Bitfinex	ASK	0.055569	2.0
1503482467422Poloniex	BID	0.05587334	3.92
1503482467422Poloniex	BID	0.05596993	40.23477259
1503482467422Bitfinex	ASK	0.056	170.68591314
1503482476590Poloniex	BID	0.05587333	26.989
1503482476590Poloniex	BID	0.05596991	28.84286035
1503482476590Bitfinex	ASK	0.056	173.97317025
1503482477653Poloniex	BID	0.05587331	0.40447993
1503482477653Bitfinex	ASK	0.056	177.24059026
1503482496648Poloniex	BID	0.05587328	0.40447993
1503482496648Poloniex	BID	0.0558733	3.92
1503482496648Bitfinex	ASK	0.056001	7.99999999
1503482522645Poloniex	BID	0.05566648	0.28712134
1503482522645Bitfinex	ASK	0.055784	4.50870199
1503482534987Poloniex	BID	0.05587319	0.40447993
1503482534987Poloniex	BID	0.05587321	0.31094418
1503482534987Poloniex	BID	0.05587324	2.04161886
1503482534987Poloniex	BID	0.05597558	10.199
1503482534987Bitfinex	ASK	0.056001	15.99989148
1503482539330Poloniex	BID	0.05587318	0.17965749
1503482539330Poloniex	BID	0.05587323	11.392
1503482539330Poloniex	BID	0.05597557	29.38433965
1503482539330Poloniex	BID	0.05597558	10.199
1503482539330Bitfinex	ASK	0.056001	17.15906864
1503482550274Poloniex	BID	0.05587316	0.40447993
1503482550274Poloniex	BID	0.05596999	29.61948018
1503482550274Poloniex	BID	0.05597561	7.364
1503482550274Poloniex	BID	0.05607323	18.11897472
1503482550274Poloniex	BID	0.05617689	38.79838007
1503482550274Bitfinex	ASK	0.0565	40.37932356
1503482552269Poloniex	BID	0.05587314	0.40447993
1503482552269Bitfinex	ASK	0.0565	43.18094955000001
1503482552269Bitfinex	ASK	0.056421	0.044088249999999995
1503482553994Poloniex	BID	0.05587313	0.19902933
1503482553994Bitfinex	ASK	0.056421	0.10120596
1503482555748Poloniex	BID	0.05592758	5.595
1503482555748Bitfinex	ASK	0.056421	0.15412724
1503482566309Poloniex	BID	0.05587311	0.40447993
1503482566309Poloniex	BID	0.05596998	38.86994602
1503482566309Poloniex	BID	0.05597561	8.483
1503482566309Poloniex	BID	0.05632423	18.11897472
1503482566309Bitfinex	ASK	0.056421	0.19206303
1503482567356Poloniex	BID	0.0558731	0.17965739
1503482567356Bitfinex	ASK	0.056421	0.25128325
1503482569985Poloniex	BID	0.05587329	11.579
1503482569985Bitfinex	ASK	0.056421	0.38737192000000004
1503482571229Poloniex	BID	0.05597561	8.483
1503482571229Bitfinex	ASK	0.056421	0.41904723000000005
1503482572726Poloniex	BID	0.05632422	38.64210458
1503482572726Bitfinex	ASK	0.056421	0.47042593000000005
1503482593069Poloniex	BID	0.05596998	38.86994602
1503482593069Bitfinex	ASK	0.056001	17.7977458
1503482593637Poloniex	BID	0.05587328	3.92
1503482593637Poloniex	BID	0.05596998	38.86994602
1503482593637Bitfinex	ASK	0.056001	17.91672296
1503482600094Poloniex	BID	0.05587327	17.228
1503482600094Poloniex	BID	0.05596998	38.86994602
1503482600094Bitfinex	ASK	0.056	179.62698743
1503482603779Poloniex	BID	0.05587325	0.17963101
1503482603779Poloniex	BID	0.05587326	2.84456084
1503482603779Poloniex	BID	0.05587327	17.228
1503482603779Poloniex	BID	0.05596997	38.86995296
1503482603779Poloniex	BID	0.05597561	6.314
1503482603779Bitfinex	ASK	0.056002	11.52246849
1503482619251Poloniex	BID	0.05587323	0.1795763
1503482619251Poloniex	BID	0.05587324	0.08190379
1503482619251Bitfinex	ASK	0.056	187.19792483
1503482624030Poloniex	BID	0.055873	0.1
1503482624030Bitfinex	ASK	0.056001	7.59130933
1503482656848Poloniex	BID	0.05592204	3.92
1503482656848Poloniex	BID	0.05622639	18.11897472
1503482656848Poloniex	BID	0.05629999	42.50373881
1503482656848Bitfinex	ASK	0.05642	0.01327334
1503482657307Poloniex	BID	0.05587322	0.17924746
1503482657307Bitfinex	ASK	0.056154	0.0602358
1503482663462Poloniex	BID	0.0558732	0.1
1503482663462Bitfinex	ASK	0.056154	0.06715478
1503482665566Poloniex	BID	0.05587319	0.179193
1503482665566Bitfinex	ASK	0.056154	0.05858352
1503482679280Poloniex	BID	0.05587318	1.97511501
1503482679280Bitfinex	ASK	0.0565	194.71661819
1503482679280Bitfinex	ASK	0.056154	0.03774445
1503482682401Poloniex	BID	0.05587317	0.18585493
1503482682401Bitfinex	ASK	0.0565	1347.1475765100001
1503482686370Poloniex	BID	0.05587317	0.18585493
1503482686370Bitfinex	ASK	0.0565	1536.0192078200002
1503482686370Bitfinex	ASK	0.056001	10.03261539
1503482687071Poloniex	BID	0.05622627	28.89592338
1503482687071Bitfinex	ASK	0.056501	0.01023756
1503482690738Poloniex	BID	0.05588859	4.189
1503482690738Bitfinex	ASK	0.0565	1721.9010766900003
1503482693599Poloniex	BID	0.05592203	1.83520683
1503482693599Bitfinex	ASK	0.0565	2455.42855217
1503482696932Poloniex	BID	0.05622626	42.50382953
1503482696932Bitfinex	ASK	0.057	142.34289853
1503482698847Poloniex	BID	0.05629998	31.73
1503482698847Poloniex	BID	0.05633297	4.113
1503482698847Bitfinex	ASK	0.057	402.53654834
1503482702166Poloniex	BID	0.05604792	0.34174053
1503482702166Bitfinex	ASK	0.057	528.8104464
1503482702869Poloniex	BID	0.05604791	0.23135468
1503482702869Poloniex	BID	0.05604792	0.34174053
1503482702869Bitfinex	ASK	0.057	639.22216026
1503482707927Poloniex	BID	0.05629997	42.44818194
1503482707927Poloniex	BID	0.05632402	18.11897472
1503482707927Bitfinex	ASK	0.057001	0.01927447
1503482712157Poloniex	BID	0.05617638	0.51972338
1503482712157Poloniex	BID	0.05629997	42.44818194
1503482712157Bitfinex	ASK	0.057	858.92979324
1503482716597Poloniex	BID	0.0561769	2.25843918
1503482716597Poloniex	BID	0.05629995	24.668
1503482716597Poloniex	BID	0.05629996	42.44818948
1503482716597Poloniex	BID	0.05653491	18.11897472
1503482716597Bitfinex	ASK	0.057	965.51325973
1503482719345Poloniex	BID	0.05617689	0.51461505
1503482719345Bitfinex	ASK	0.057001	0.01182183
1503482719345Bitfinex	ASK	0.057	1371.86127798
1503482723327Poloniex	BID	0.05632401	42.44816686
1503482723327Bitfinex	ASK	0.057	1510.54276311
1503482729027Poloniex	BID	0.05612835	0.04551942
1503482729027Bitfinex	ASK	0.056154	0.09276756
1503482731270Poloniex	BID	0.05612834	0.99619155
1503482731270Bitfinex	ASK	0.056164	3.70549179
1503482742858Poloniex	BID	0.05604876	0.19887349
1503482742858Bitfinex	ASK	0.056179	0.07478959
1503482742858Bitfinex	ASK	0.056178	7.60048322
1503482742858Bitfinex	ASK	0.056176	2.87791207
1503482742858Bitfinex	ASK	0.056166	0.39951677
1503482742858Bitfinex	ASK	0.056164	12.44233268
1503482751642Poloniex	BID	0.05612833	0.86896603
1503482751642Bitfinex	ASK	0.056185	0.07293406
1503482751642Bitfinex	ASK	0.056184	1.17249694
1503482751642Bitfinex	ASK	0.056182	4.60816801
1503482751642Bitfinex	ASK	0.05618	13.402695869999999
1503482793312Poloniex	BID	0.05599187	0.02382917
1503482793312Bitfinex	ASK	0.056221	6.0405095
1503482793312Bitfinex	ASK	0.056212	0.07993487
1503482793312Bitfinex	ASK	0.056211	6.61651418
1503482793312Bitfinex	ASK	0.056209	1.15634162
1503482793312Bitfinex	ASK	0.056164	17.47368178
1503482804798Poloniex	BID	0.05614832	18.11897472
1503482804798Bitfinex	ASK	0.056223	0.07793572
1503482804798Bitfinex	ASK	0.056222	2.4691639
1503482817837Poloniex	BID	0.05621663	18.11897472
1503482817837Bitfinex	ASK	0.05624	0.07857854
1503482817837Bitfinex	ASK	0.056239	6.58340386
1503482817837Bitfinex	ASK	0.05623	1.15634162
1503482817837Bitfinex	ASK	0.056228	6.61651418
1503482817837Bitfinex	ASK	0.056222	6.12941027
1503482836892Poloniex	BID	0.05617364	18.11897472
1503482836892Bitfinex	ASK	0.056244	0.13822978
1503482836892Bitfinex	ASK	0.056243	1.15634162
1503482836892Bitfinex	ASK	0.056241	13.31067521
1503482836892Bitfinex	ASK	0.05624	12.3688225
1503482847493Poloniex	BID	0.05622623	29.25101085
1503482847493Bitfinex	ASK	0.056247	0.06768452
1503482847493Bitfinex	ASK	0.056246	15.68265904
1503482847493Bitfinex	ASK	0.056245	6.11963764
1503482858844Poloniex	BID	0.05622622	19.30815224
1503482858844Bitfinex	ASK	0.056249	0.06330486
1503482858844Bitfinex	ASK	0.056248	7.7728558
1503482882291Poloniex	BID	0.05622626	36.84018101
1503482882291Bitfinex	ASK	0.056253	0.06029199
1503482882291Bitfinex	ASK	0.056252	7.7728558
1503482882291Bitfinex	ASK	0.056249	6.12667274
1503482917841Poloniex	BID	0.05617363	3.465
1503482917841Bitfinex	ASK	0.056259	0.06338247
1503482917841Bitfinex	ASK	0.056258	7.7728558
1503482931089Poloniex	BID	0.05611791	18.11897472
1503482931089Bitfinex	ASK	0.056261	0.06215011
1503482933406Poloniex	BID	0.0561179	1.93223061
1503482933406Bitfinex	ASK	0.056263	0.05193387
1503482933406Bitfinex	ASK	0.056262	7.7728558
1503482941792Poloniex	BID	0.05622694	18.11897472
1503482941792Bitfinex	ASK	0.056264	7.7728558
1503482942230Poloniex	BID	0.05622626	36.84018101
1503482942230Bitfinex	ASK	0.056265	0.06769683
1503482951323Poloniex	BID	0.05620622	18.11897472
1503482951323Bitfinex	ASK	0.056264	21.41608128
1503482953380Poloniex	BID	0.05622625	0.118
1503482953380Bitfinex	ASK	0.056267	0.06446265
1503482953380Bitfinex	ASK	0.056266	7.7728558
1503482953380Bitfinex	ASK	0.056264	27.28645096
1503482959112Poloniex	BID	0.05622626	36.84019411
1503482959112Bitfinex	ASK	0.056277	0.06331319
1503482959112Bitfinex	ASK	0.056276	1.71713469
1503482959112Bitfinex	ASK	0.056267	5.76416672
1503482963351Poloniex	BID	0.05620621	3.893
1503482963351Bitfinex	ASK	0.056278	7.7728558
1503482965202Poloniex	BID	0.05622625	0.118
1503482965202Bitfinex	ASK	0.056279	0.06534935
1503482979880Poloniex	BID	0.05617689	0.50551225
1503482979880Bitfinex	ASK	0.056281	0.06135068
1503482979880Bitfinex	ASK	0.05628	7.7728558
1503482985859Poloniex	BID	0.05622626	3.464
1503482985859Poloniex	BID	0.05625642	18.11897472
1503482985859Bitfinex	ASK	0.056282	7.7728558
1503482991427Poloniex	BID	0.05617687	0.2895495
1503482991427Poloniex	BID	0.05625641	3.505
1503482991427Bitfinex	ASK	0.056293	0.07130117
1503482991427Bitfinex	ASK	0.056292	2.45168852
1503482994948Poloniex	BID	0.05620622	18.11897472
1503482994948Bitfinex	ASK	0.056283	0.07116986
1503482998801Poloniex	BID	0.05620621	3.548
1503482998801Bitfinex	ASK	0.056285	0.07066099
1503482998801Bitfinex	ASK	0.056284	7.7728558
1503483007243Poloniex	BID	0.05612832	0.47581124
1503483007243Poloniex	BID	0.05612833	0.2895495
1503483007243Bitfinex	ASK	0.056286	5.17950655
1503483007243Bitfinex	ASK	0.056154	0.09233447
1503483008634Poloniex	BID	0.05620621	3.631
1503483008634Poloniex	BID	0.05622626	38.78099514
1503483008634Bitfinex	ASK	0.056287	0.0711529
1503483012297Poloniex	BID	0.0561283	0.29952351
1503483012297Bitfinex	ASK	0.056287	0.36420237
1503483012297Bitfinex	ASK	0.056154	0.09258484
1503483061979Poloniex	BID	0.05617681	0.2544878
1503483061979Poloniex	BID	0.05617682	0.29952351
1503483061979Bitfinex	ASK	0.056177	1.42401689
1503483068584Poloniex	BID	0.05617679	0.29952351
1503483068584Bitfinex	ASK	0.056183	0.07917052
1503483068584Bitfinex	ASK	0.056182	4.95125431
1503483068584Bitfinex	ASK	0.05618	1.9253849
1503483068584Bitfinex	ASK	0.056179	1.0872610699999998
1503483070261Poloniex	BID	0.05617678	0.17836694
1503483070261Bitfinex	ASK	0.056184	0.25927761
1503483076320Poloniex	BID	0.05652998	38.69485328
1503483076320Bitfinex	ASK	0.0568	128.94271196
1503483077014Poloniex	BID	0.05629995	21.5381553
1503483077014Bitfinex	ASK	0.056801	2.43977477
1503483080188Poloniex	BID	0.05629999	21.46785875
1503483080188Poloniex	BID	0.05652997	37.549
1503483080188Bitfinex	ASK	0.0568	884.31454472
1503483080551Poloniex	BID	0.05652996	38.69485328
1503483080551Bitfinex	ASK	0.0568	937.08142746
1503483080878Poloniex	BID	0.05652997	37.549
1503483080878Bitfinex	ASK	0.0568	980.41694122
1503483081678Poloniex	BID	0.05617676	0.29952351
1503483081678Bitfinex	ASK	0.0568	1021.98724073
1503483083875Poloniex	BID	0.05652995	21.71490448
1503483083875Poloniex	BID	0.05652997	37.549
1503483083875Bitfinex	ASK	0.0568	1060.13780089
1503483086452Poloniex	BID	0.05612835	0.04551942
1503483086452Poloniex	BID	0.05652994	38.57266284
1503483086452Poloniex	BID	0.05666156	0.02040173
1503483086452Bitfinex	ASK	0.0568	1111.51546785
1503483086827Poloniex	BID	0.05635143	22.14727798
1503483086827Poloniex	BID	0.05652994	38.57266284
1503483086827Bitfinex	ASK	0.056801	0.02219719
1503483086827Bitfinex	ASK	0.0568	1130.50018211
1503483090263Poloniex	BID	0.05612834	0.17836684
1503483090263Bitfinex	ASK	0.056199	15.18262072
1503483092317Poloniex	BID	0.05617688	0.29952351
1503483092317Bitfinex	ASK	0.056802	0.25927761
1503483094025Poloniex	BID	0.05629996	6.27
1503483094025Poloniex	BID	0.05650138	29.764
1503483094025Bitfinex	ASK	0.056803	0.01647218
1503483094025Bitfinex	ASK	0.056802	5.60391116
1503483094964Poloniex	BID	0.05629996	6.27
1503483094964Poloniex	BID	0.05652994	38.57266284
1503483094964Bitfinex	ASK	0.056803	0.03191857
1503483094964Bitfinex	ASK	0.056802	10.82501689
1503483102040Poloniex	BID	0.0561769	2.25843918
1503483102040Poloniex	BID	0.05629995	21.45179633
1503483102040Poloniex	BID	0.05629996	6.27
1503483102040Poloniex	BID	0.05635144	18.11897472
1503483102040Poloniex	BID	0.05653261	7.698
1503483102040Bitfinex	ASK	0.056802	15.644509710000001
1503483102472Poloniex	BID	0.05663911	0.04702569
1503483102472Bitfinex	ASK	0.056802	20.4253748
1503483103591Poloniex	BID	0.05650137	38.69485328
1503483103591Bitfinex	ASK	0.056802	25.22794185
1503483108760Poloniex	BID	0.05617689	0.97978433
1503483108760Bitfinex	ASK	0.056802	34.46661022
1503483108760Bitfinex	ASK	0.056198	23.182303179999998
1503483110638Poloniex	BID	0.05650136	36.984
1503483110638Bitfinex	ASK	0.056802	38.82129791
1503483113791Poloniex	BID	0.05617689	0.97978433
1503483113791Bitfinex	ASK	0.056803	0.01160096
1503483113791Bitfinex	ASK	0.056802	42.97907246
1503483113791Bitfinex	ASK	0.056208	6.58340386
1503483117202Poloniex	BID	0.05629994	21.10631916
1503483117202Bitfinex	ASK	0.056805	0.01142132
1503483117202Bitfinex	ASK	0.056804	8.434750300000001
1503483128744Poloniex	BID	0.05629993	21.14673313
1503483128744Poloniex	BID	0.05633297	3.92
1503483128744Poloniex	BID	0.05650135	42.44462751
1503483128744Poloniex	BID	0.05650136	35.198
1503483128744Poloniex	BID	0.05664472	0.02554083
1503483128744Bitfinex	ASK	0.056806	4.14122596
1503483129911Poloniex	BID	0.05633296	21.2278049
1503483129911Bitfinex	ASK	0.056807	0.01306415
1503483139985Poloniex	BID	0.0562	0.1
1503483139985Poloniex	BID	0.05629999	21.09211149
1503483139985Poloniex	BID	0.05653261	42.44462751
1503483139985Bitfinex	ASK	0.056808	4.14122596
1503483147389Poloniex	BID	0.05629998	20.66463113
1503483147389Poloniex	BID	0.05652999	17.051
1503483147389Poloniex	BID	0.0565326	42.30860522
1503483147389Poloniex	BID	0.05653261	42.44462751
1503483147389Bitfinex	ASK	0.056809	0.0101025
1503483152325Poloniex	BID	0.05653259	42.31056611
1503483152325Poloniex	BID	0.0565326	42.30860522
1503483152325Bitfinex	ASK	0.05681	4.14122596
1503483154428Poloniex	BID	0.05660804	32.83
1503483154428Bitfinex	ASK	0.056811	0.01198608
1503483164257Poloniex	BID	0.05652999	3.924
1503483164257Poloniex	BID	0.05653257	42.30862768
1503483164257Poloniex	BID	0.05653258	20.41477273
1503483164257Bitfinex	ASK	0.056801	0.01374158
1503483165784Poloniex	BID	0.05633297	3.71732105
1503483165784Bitfinex	ASK	0.056802	0.01455265
1503483165784Bitfinex	ASK	0.056801	8.30993507
1503483175163Poloniex	BID	0.05627337	18.11897472
1503483175163Poloniex	BID	0.05652997	3.808
1503483175163Poloniex	BID	0.05652998	20.47607611
1503483175163Bitfinex	ASK	0.056803	4.14122596
1503483177203Poloniex	BID	0.05652997	3.808
1503483177203Bitfinex	ASK	0.056804	0.01531051
1503483183997Poloniex	BID	0.0564322	18.11897472
1503483183997Poloniex	BID	0.05652997	3.808
1503483183997Bitfinex	ASK	0.056803	8.238362429999999
1503483186105Poloniex	BID	0.05660804	33.477
1503483186105Poloniex	BID	0.05670103	3.961
1503483186105Bitfinex	ASK	0.056804	0.01657872
1503483190530Poloniex	BID	0.05652996	19.8326866
1503483190530Poloniex	BID	0.05652997	3.808
1503483190530Bitfinex	ASK	0.056806	0.0147904
1503483190530Bitfinex	ASK	0.056805	4.09713647
1503483200496Poloniex	BID	0.05652995	20.11217668
1503483200496Poloniex	BID	0.05652996	19.8326866
1503483200496Bitfinex	ASK	0.056801	4.11748909
1503483203294Poloniex	BID	0.05652994	20.50801502
1503483203294Poloniex	BID	0.05652995	20.11217668
1503483203294Bitfinex	ASK	0.056802	0.02107534
1503483203294Bitfinex	ASK	0.056801	8.21462556
1503483212107Poloniex	BID	0.05639999	3.92
1503483212107Poloniex	BID	0.05652993	42.31060353
1503483212107Bitfinex	ASK	0.056803	4.09713647
1503483213427Poloniex	BID	0.05635144	18.11897472
1503483213427Poloniex	BID	0.05652992	11.137
1503483213427Poloniex	BID	0.05660804	3.965
1503483213427Bitfinex	ASK	0.056804	0.01888136
1503483287905Poloniex	BID	0.0562	0.1
1503483287905Bitfinex	ASK	0.056262	0.09536064
1503483287905Bitfinex	ASK	0.056261	4.39457406
1503483287905Bitfinex	ASK	0.05626	4.09713647
1503483287905Bitfinex	ASK	0.056255	4.57639322
1503483306839Poloniex	BID	0.0562	0.1
1503483306839Bitfinex	ASK	0.05628	0.09620389
1503483306839Bitfinex	ASK	0.056279	1.91680987
1503483306839Bitfinex	ASK	0.056268	4.39860516
1503483306839Bitfinex	ASK	0.056267	4.09713647
1503483306839Bitfinex	ASK	0.056263	18.47945672
1503483324432Poloniex	BID	0.05621312	0.01355237
1503483324432Bitfinex	ASK	0.056289	0.09874751
1503483324432Bitfinex	ASK	0.056288	4.09713647
1503483324432Bitfinex	ASK	0.056286	4.09713647
1503483324432Bitfinex	ASK	0.056284	5.1378781
1503483330434Poloniex	BID	0.05652972	37.62516423
1503483330434Bitfinex	ASK	0.057131	17.828095
1503483335300Poloniex	BID	0.0561959	0.18775674
1503483335300Bitfinex	ASK	0.05629	2.0966654
1503483365215Poloniex	BID	0.0562	0.29696211
1503483365215Bitfinex	ASK	0.056305	0.10097518
1503483365215Bitfinex	ASK	0.056304	6.58340386
1503483365215Bitfinex	ASK	0.056294	2.0974571
1503483365215Bitfinex	ASK	0.056293	22.8285329
1503483634769Poloniex	BID	0.05633238	0.17851174
1503483634769Bitfinex	ASK	0.056417	0.0391492
1503483634769Bitfinex	ASK	0.056416	6.01061942
1503483634769Bitfinex	ASK	0.056405	5.23875199
1503483644411Poloniex	BID	0.05633237	0.13862935
1503483644411Bitfinex	ASK	0.056417	0.04216606
1503483644411Bitfinex	ASK	0.056416	4.66039833
1503483667546Poloniex	BID	0.05642098	0.05369637
1503483667546Bitfinex	ASK	0.05643	0.03993554
1503483667546Bitfinex	ASK	0.056429	4.82741024
1503483672821Poloniex	BID	0.05665602	19.85550413
1503483672821Poloniex	BID	0.05670103	11.196
1503483672821Poloniex	BID	0.05675996	20.10834595
1503483672821Bitfinex	ASK	0.057138	17.49975353
1503483692854Poloniex	BID	0.05643623	0.18176343
1503483692854Bitfinex	ASK	0.056443	6.25724443
1503483694296Poloniex	BID	0.05642098	0.05369637
1503483694296Bitfinex	ASK	0.056444	0.04165075
1503483732628Poloniex	BID	0.05642097	0.59524854
1503483732628Bitfinex	ASK	0.056462	0.03226049
1503483732628Bitfinex	ASK	0.056461	5.38805596
1503483732628Bitfinex	ASK	0.056451	1.0
1503483732628Bitfinex	ASK	0.056445	5.23348398
1503483749820Poloniex	BID	0.05642097	0.59524854
1503483749820Bitfinex	ASK	0.056461	5.06340512
1503483749820Bitfinex	ASK	0.056446	0.03911977
1503483760063Poloniex	BID	0.05643621	0.21988175
1503483760063Poloniex	BID	0.05644284	0.09320425
1503483760063Bitfinex	ASK	0.056462	0.03703752
1503483859457Poloniex	BID	0.05644512	0.00851573
1503483859457Bitfinex	ASK	0.05648	0.02596499
1503483859457Bitfinex	ASK	0.056479	4.0253887
1503483859457Bitfinex	ASK	0.056468	10.5531166
1503483866272Poloniex	BID	0.05644512	0.00851573
1503483866272Bitfinex	ASK	0.056469	0.02315363
1503483991503Poloniex	BID	0.05648213	0.02122846
1503483991503Bitfinex	ASK	0.056488	0.03088449
1503483991503Bitfinex	ASK	0.056487	5.47829206
1503484002789Poloniex	BID	0.05648212	0.17729984
1503484002789Bitfinex	ASK	0.056487	6.58340386
1503484039001Poloniex	BID	0.05649999	0.17727158
1503484039001Poloniex	BID	0.0565	0.1
1503484039001Bitfinex	ASK	0.056501	6.1016276
1503484051571Poloniex	BID	0.0565	0.1
1503484051571Bitfinex	ASK	0.056503	0.0287089
1503484051571Bitfinex	ASK	0.056502	10.4742901
1503484079051Poloniex	BID	0.05649997	0.33046643
1503484079051Bitfinex	ASK	0.056504	0.03239988
1503484079051Bitfinex	ASK	0.056503	5.20733374
1503484168000Poloniex	BID	0.05649996	0.02
1503484168000Bitfinex	ASK	0.056529	0.02998567
1503484168000Bitfinex	ASK	0.056528	5.61203922
1503484168000Bitfinex	ASK	0.056518	4.49982386
1503484170527Poloniex	BID	0.05649994	0.33046643
1503484170527Bitfinex	ASK	0.05653	4.49768565
1503484173903Poloniex	BID	0.05649993	0.17727089
1503484173903Bitfinex	ASK	0.056531	0.02812315
1503484182332Poloniex	BID	0.05649991	0.33046643
1503484182332Bitfinex	ASK	0.056531	9.056248
1503484182671Poloniex	BID	0.0564999	0.33622804
1503484182671Bitfinex	ASK	0.056532	0.02757296
1503484212164Poloniex	BID	0.05649985	0.33046643
1503484212164Poloniex	BID	0.05649987	0.17727083
1503484212164Bitfinex	ASK	0.056532	17.96564592
1503484213113Poloniex	BID	0.05649984	0.19232047
1503484213113Bitfinex	ASK	0.056533	0.02363402
1503484213113Bitfinex	ASK	0.056532	35.87614592
1503484226234Poloniex	BID	0.05649982	0.33046643
1503484226234Bitfinex	ASK	0.056543	5.61203922
1503484228576Poloniex	BID	0.0564998	0.33046643
1503484228576Bitfinex	ASK	0.056544	0.02556389
1503484243817Poloniex	BID	0.05649976	0.18571706
1503484243817Poloniex	BID	0.05649977	0.33046643
1503484243817Bitfinex	ASK	0.056532	0.02682855
1503484788079Poloniex	BID	0.05632123	0.03801976
1503484788079Bitfinex	ASK	0.056329	0.03109838
1503484788079Bitfinex	ASK	0.056328	2.65770186
1503485025033Bitfinex	BID	0.05631	0.00602274
1503485025033Poloniex	ASK	0.05632098	7.018032
1503485178599Poloniex	BID	0.0563	0.09611351
1503485178599Bitfinex	ASK	0.05631	0.04411766
1503485266259Poloniex	BID	0.0563	0.09611351
1503485266259Poloniex	BID	0.05644149	4.93131723
1503485266259Poloniex	BID	0.05644151	0.19554009
1503485266259Poloniex	BID	0.05664832	40.21935542
1503485266259Poloniex	BID	0.05665618	15.73290075
1503485266259Poloniex	BID	0.05675997	2.973
1503485266259Poloniex	BID	0.05676773	10.24948838
1503485266259Bitfinex	ASK	0.05684	12.53669879
1503485598806Poloniex	BID	0.0563	0.09611351
1503485598806Poloniex	BID	0.05632053	4.93131723
1503485598806Poloniex	BID	0.05632662	16.50235453
1503485598806Poloniex	BID	0.0564	0.00566557
1503485598806Poloniex	BID	0.05648115	0.0177742
1503485598806Poloniex	BID	0.05648116	0.02
1503485598806Poloniex	BID	0.05648525	10.24948838
1503485598806Poloniex	BID	0.05649998	5.364
1503485598806Poloniex	BID	0.05649999	3.92
1503485598806Poloniex	BID	0.0565	0.1
1503485598806Poloniex	BID	0.05652631	40.45300157
1503485598806Poloniex	BID	0.05652999	32.174
1503485598806Poloniex	BID	0.05653211	13.225
1503485598806Poloniex	BID	0.05678448	0.0461699
1503485598806Bitfinex	ASK	0.056793	0.44469378
1503485686091Poloniex	BID	0.05619026	0.34087484
1503485686091Poloniex	BID	0.05619392	4.93131723
1503485686091Poloniex	BID	0.05619394	1.30312643
1503485686091Poloniex	BID	0.05619395	1.46411648
1503485686091Bitfinex	ASK	0.056219	0.01
1503485690300Poloniex	BID	0.05619025	1.15230745
1503485690300Poloniex	BID	0.05619394	0.4990952
1503485690300Bitfinex	ASK	0.056229	1.81185641
1503485698055Poloniex	BID	0.05619023	4.93131723
1503485698055Bitfinex	ASK	0.056229	3.17901904
1503485703348Poloniex	BID	0.05619394	0.4990952
1503485703348Bitfinex	ASK	0.05623	1.3670259
1503485707039Poloniex	BID	0.05619021	4.93131723
1503485707039Bitfinex	ASK	0.05624	1.36716263
1503485707039Bitfinex	ASK	0.05623	7.52890212
1503485708252Poloniex	BID	0.05619393	1.08091565
1503485708252Bitfinex	ASK	0.05623	12.32375244
1503485708962Poloniex	BID	0.05619394	0.4990952
1503485708962Bitfinex	ASK	0.056241	1.3670259
1503485718944Poloniex	BID	0.05619019	4.93131723
1503485718944Bitfinex	ASK	0.05624	10.6765583
1503485718944Bitfinex	ASK	0.056231	2.1071724
1503485728966Poloniex	BID	0.05619017	4.93131723
1503485728966Bitfinex	ASK	0.056319	0.01
1503485728966Bitfinex	ASK	0.05625	1.36716263
1503485728966Bitfinex	ASK	0.05624	26.839380730000002
1503485729367Poloniex	BID	0.05619018	0.91214538
1503485729367Bitfinex	ASK	0.05624	27.72997793
1503485729367Bitfinex	ASK	0.056219	4.80269158
1503485735007Poloniex	BID	0.05619017	4.93131723
1503485735007Bitfinex	ASK	0.05625	1.36716263
1503485739935Poloniex	BID	0.05619015	4.85131723
1503485739935Poloniex	BID	0.05619016	0.66444649
1503485739935Bitfinex	ASK	0.056229	1.36716263
1503485742753Poloniex	BID	0.05619014	1.38080239
1503485742753Bitfinex	ASK	0.05632	4.80614917
1503485742753Bitfinex	ASK	0.056217	0.8905972
1503485780503Poloniex	BID	0.0563	0.09611351
1503485780503Bitfinex	ASK	0.056419	0.01
1503485900492Poloniex	BID	0.05606709	1.08534049
1503485900492Bitfinex	ASK	0.056104	2.0
1503485984673Poloniex	BID	0.05606709	1.08534049
1503485984673Bitfinex	ASK	0.056068	1.36716263
1503485992405Poloniex	BID	0.05606709	1.08534049
1503485992405Bitfinex	ASK	0.056068	2.6716668099999996
1503486023605Poloniex	BID	0.05606709	1.08534049
1503486023605Bitfinex	ASK	0.056068	1.30450418
1503486264826Poloniex	BID	0.05618986	0.0177968
1503486264826Poloniex	BID	0.05619005	1.41823587
1503486264826Poloniex	BID	0.05619006	0.0021179
1503486264826Poloniex	BID	0.0561902	0.0532364
1503486264826Poloniex	BID	0.05619026	0.34087484
1503486264826Poloniex	BID	0.0562999	4.93130518
1503486264826Poloniex	BID	0.05629991	16.50237965
1503486264826Poloniex	BID	0.05629999	3.92
1503486264826Poloniex	BID	0.0563	0.09611351
1503486264826Poloniex	BID	0.05632663	0.28130793
1503486264826Poloniex	BID	0.0563768	0.03702375
1503486264826Poloniex	BID	0.056485	22.09422511
1503486264826Poloniex	BID	0.05648501	37.00511713
1503486264826Poloniex	BID	0.05656094	10.28976239
1503486264826Poloniex	BID	0.0565873	1.026145
1503486264826Poloniex	BID	0.0567845	0.03421174
1503486264826Bitfinex	ASK	0.05679	0.9288909
1503486657529Poloniex	BID	0.05600038	14.00404826
1503486657529Bitfinex	ASK	0.056055	5.16817671
1503486657529Bitfinex	ASK	0.056054	5.650509919999999
1503486664664Poloniex	BID	0.05600037	16.49749821
1503486664664Bitfinex	ASK	0.056065	1.30450418
1503486678024Poloniex	BID	0.05600036	1.74726098
1503486678024Bitfinex	ASK	0.056055	21.09747572
1503486706622Poloniex	BID	0.05600034	4.93115012
1503486706622Bitfinex	ASK	0.056065	39.33131467
1503486706622Bitfinex	ASK	0.056033	0.2162466
1503486718676Poloniex	BID	0.0560003	3.73726987
1503486718676Poloniex	BID	0.05600031	4.93115012
1503486718676Bitfinex	ASK	0.056034	0.2162466
1503486733460Poloniex	BID	0.05600028	4.93115012
1503486733460Poloniex	BID	0.0560003	3.73726987
1503486733460Bitfinex	ASK	0.056065	44.72534735
1503486745070Poloniex	BID	0.05600025	2.38830667
1503486745070Poloniex	BID	0.05600026	4.93115012
1503486745070Poloniex	BID	0.05600029	16.49749821
1503486745070Bitfinex	ASK	0.056065	49.90313343
1503486747584Poloniex	BID	0.05600023	4.93115012
1503486747584Poloniex	BID	0.05600037	16.49749821
1503486747584Bitfinex	ASK	0.056032	0.2162466
1503486750703Poloniex	BID	0.0558734	0.00182849
1503486750703Poloniex	BID	0.05600022	3.61425606
1503486750703Bitfinex	ASK	0.056042	1.30450418
1503486755991Poloniex	BID	0.05600025	5.0
1503486755991Bitfinex	ASK	0.056042	1.30450418
1503486773581Poloniex	BID	0.05587336	4.91329308
1503486773581Poloniex	BID	0.05600022	3.61425606
1503486773581Bitfinex	ASK	0.056001	5.1862514
1503486786954Poloniex	BID	0.05587332	5.38528711
1503486786954Poloniex	BID	0.05587333	4.91329308
1503486786954Poloniex	BID	0.05600022	3.61425606
1503486786954Bitfinex	ASK	0.056001	5.18935443
1503486797164Poloniex	BID	0.05573226	28.31576055
1503486797164Bitfinex	ASK	0.055784	5.19440339
1503486809126Poloniex	BID	0.05573226	28.31576055
1503486809126Bitfinex	ASK	0.055784	10.39008463
1503486822137Poloniex	BID	0.05573226	28.31576055
1503486822137Bitfinex	ASK	0.055794	1.30450418
1503486831634Poloniex	BID	0.05573226	28.31576055
1503486831634Bitfinex	ASK	0.055795	10.371
1503486854784Poloniex	BID	0.05587313	4.91329308
1503486854784Poloniex	BID	0.05596629	0.24235643
1503486854784Bitfinex	ASK	0.05601	1.30450418
1503486875315Poloniex	BID	0.05587309	4.91329308
1503486875315Bitfinex	ASK	0.05601	7.377499889999999
1503486885852Poloniex	BID	0.05587307	3.63769668
1503486885852Poloniex	BID	0.05600024	16.60698239
1503486885852Bitfinex	ASK	0.05601	12.14599142
1503486911542Poloniex	BID	0.05587303	2.6773391
1503486911542Poloniex	BID	0.05596629	0.17915886
1503486911542Poloniex	BID	0.05600024	16.60698239
1503486911542Bitfinex	ASK	0.056011	2.1110399
1503486918226Poloniex	BID	0.05600024	16.60698239
1503486918226Bitfinex	ASK	0.05602	1.30450418
1503486956942Poloniex	BID	0.05600023	0.68276685
1503486956942Bitfinex	ASK	0.056001	5.52818069
1503486987182Poloniex	BID	0.05587337	0.00560428
1503486987182Bitfinex	ASK	0.056001	11.06945488
1503487005713Poloniex	BID	0.05600023	0.66589093
1503487005713Bitfinex	ASK	0.056011	16.64051944
1503487028525Poloniex	BID	0.05596628	0.72491785
1503487028525Bitfinex	ASK	0.056021	1.30450418
1503487028525Bitfinex	ASK	0.056011	39.143725679999996
1503487033364Poloniex	BID	0.05600021	0.72491785
1503487033364Bitfinex	ASK	0.056011	44.684077439999996
1503487056028Poloniex	BID	0.05600024	0.28575902
1503487056028Bitfinex	ASK	0.056021	1.30450418
1503487061956Poloniex	BID	0.05600022	0.72491785
1503487061956Bitfinex	ASK	0.056022	6.52186849
1503487061956Bitfinex	ASK	0.056011	50.395328799999994
1503487063208Poloniex	BID	0.0560002	0.72491785
1503487063208Bitfinex	ASK	0.056022	9.13061589
1503487070557Poloniex	BID	0.05600019	0.2787876
1503487070557Bitfinex	ASK	0.056011	50.56622839999999
1503487074974Poloniex	BID	0.05600017	0.72491785
1503487074974Bitfinex	ASK	0.056022	5.53674756
1503487074974Bitfinex	ASK	0.056021	2.77990796
1503487088598Poloniex	BID	0.05600023	0.72491785
1503487088598Bitfinex	ASK	0.056032	2.4891914
1503487088598Bitfinex	ASK	0.056022	21.69446124
1503487093991Poloniex	BID	0.05600022	0.29580525
1503487093991Bitfinex	ASK	0.056032	3.53124445
1503487158452Poloniex	BID	0.05600024	0.47557197
1503487158452Bitfinex	ASK	0.056034	5.47848547
1503487194149Poloniex	BID	0.05600024	0.49921161
1503487194149Bitfinex	ASK	0.056044	1.04205305
1503487207151Poloniex	BID	0.05600024	0.55460022
1503487207151Bitfinex	ASK	0.056044	7.1146648699999995
1503487211801Poloniex	BID	0.05600024	0.55460022
1503487211801Bitfinex	ASK	0.056044	12.14522364
1503487217738Poloniex	BID	0.05596629	0.53348834
1503487217738Poloniex	BID	0.05600024	0.55460022
1503487217738Bitfinex	ASK	0.056044	5.03515927
1503487227494Poloniex	BID	0.05600023	0.71232018
1503487227494Bitfinex	ASK	0.056054	1.04205305
1503487234178Poloniex	BID	0.05596629	0.47358794
1503487234178Bitfinex	ASK	0.056055	5.03628083
1503487234988Poloniex	BID	0.05596629	0.47358794
1503487234988Bitfinex	ASK	0.056065	1.04205305
1503487241327Poloniex	BID	0.05600023	0.24358203
1503487241327Poloniex	BID	0.05605979	0.72491785
1503487241327Bitfinex	ASK	0.056065	7.13503757
1503487275459Poloniex	BID	0.05600017	0.72491785
1503487275459Poloniex	BID	0.05600019	0.57873533
1503487275459Bitfinex	ASK	0.056065	12.18596904
1503487300827Poloniex	BID	0.05600013	0.72491785
1503487300827Bitfinex	ASK	0.056075	1.04205305
1503487306436Poloniex	BID	0.05600011	0.72491785
1503487306436Bitfinex	ASK	0.056057	0.00183
1503487326851Poloniex	BID	0.05600007	0.72491785
1503487326851Bitfinex	ASK	0.056058	4.74181456
1503487332603Poloniex	BID	0.05600005	0.72491785
1503487332603Bitfinex	ASK	0.056068	1.04205305
1503487332603Bitfinex	ASK	0.056058	15.26749673
1503487337113Poloniex	BID	0.05596629	0.50066534
1503487337113Bitfinex	ASK	0.056068	2.94917225
1503487342355Poloniex	BID	0.05600003	0.72491785
1503487342355Bitfinex	ASK	0.056069	15.32935092
1503487352571Poloniex	BID	0.05600001	0.72491785
1503487352571Bitfinex	ASK	0.056069	22.88593424
1503487361629Poloniex	BID	0.05596629	0.64290803
1503487361629Bitfinex	ASK	0.056058	3.71960144
1503487361629Bitfinex	ASK	0.056	604.4561920400001
1503487366536Poloniex	BID	0.05599999	0.72491785
1503487366536Bitfinex	ASK	0.056068	0.92406554
1503487395841Poloniex	BID	0.05599993	0.72491785
1503487395841Bitfinex	ASK	0.056068	0.92406554
1503487408157Poloniex	BID	0.05596629	0.83080167
1503487408157Poloniex	BID	0.05599991	0.72491785
1503487408157Poloniex	BID	0.05600024	16.60605193
1503487408157Bitfinex	ASK	0.056068	1.6434831
1503487418715Poloniex	BID	0.05599989	0.72491785
1503487418715Bitfinex	ASK	0.056068	0.71941756
1503487434937Poloniex	BID	0.05587348	0.04022136
1503487434937Poloniex	BID	0.05596629	0.17902195
1503487434937Poloniex	BID	0.05599985	0.72491785
1503487434937Bitfinex	ASK	0.056069	3.72288775
1503487450275Poloniex	BID	0.05599983	0.77862756
1503487450275Bitfinex	ASK	0.056058	3.72257281
1503487466336Poloniex	BID	0.05600023	0.77862756
1503487466336Bitfinex	ASK	0.056058	7.44479314
1503487479401Poloniex	BID	0.05596628	0.77862756
1503487479401Bitfinex	ASK	0.056058	3.72338384
1503487483482Poloniex	BID	0.05596627	0.32317345
1503487483482Bitfinex	ASK	0.056058	7.4460495
1503487488792Poloniex	BID	0.05600023	0.77862756
1503487488792Bitfinex	ASK	0.056068	0.71941756
1503487507398Poloniex	BID	0.05596629	0.37087616
1503487507398Poloniex	BID	0.05600021	0.77862756
1503487507398Poloniex	BID	0.05600024	16.60605193
1503487507398Bitfinex	ASK	0.056068	0.71941756
1503487532720Poloniex	BID	0.05600023	0.34808606
1503487532720Poloniex	BID	0.05600024	16.60605193
1503487532720Bitfinex	ASK	0.05601	0.71941756
1503487558404Poloniex	BID	0.05606009	0.77862756
1503487558404Bitfinex	ASK	0.056068	0.71941756
1503487565451Poloniex	BID	0.05600024	0.49304585
1503487565451Poloniex	BID	0.05606008	16.60077793
1503487565451Bitfinex	ASK	0.056069	3.65315922
1503487574845Poloniex	BID	0.05600024	0.49304585
1503487574845Bitfinex	ASK	0.05601	0.71941756
1503487579031Poloniex	BID	0.05606004	0.77862756
1503487579031Bitfinex	ASK	0.056069	7.30855501
1503487585852Poloniex	BID	0.05600022	0.37536368
1503487585852Poloniex	BID	0.05600023	16.60077793
1503487585852Bitfinex	ASK	0.05601	0.71941756
1503487685093Poloniex	BID	0.05599998	0.77862756
1503487685093Poloniex	BID	0.056	1.4805508
1503487685093Poloniex	BID	0.05600001	24.95063196
1503487685093Poloniex	BID	0.05600003	0.77862756
1503487685093Poloniex	BID	0.05600006	1.24106976
1503487685093Bitfinex	ASK	0.0561	0.0169442
1503487735802Poloniex	BID	0.0559998	0.77862756
1503487735802Poloniex	BID	0.05599981	1.59979294
1503487735802Poloniex	BID	0.05599988	16.60077793
1503487735802Bitfinex	ASK	0.056	0.04311585
1503487741408Poloniex	BID	0.05599978	0.77862756
1503487741408Poloniex	BID	0.0559998	0.77862756
1503487741408Bitfinex	ASK	0.056	0.0692875
1503487742841Poloniex	BID	0.05599977	2.86061173
1503487742841Bitfinex	ASK	0.056	0.07851495
1503487891577Poloniex	BID	0.05564739	0.3251992
1503487891577Bitfinex	ASK	0.055722	14.16168357
1503487891577Bitfinex	ASK	0.05572	0.71941756
1503487891577Bitfinex	ASK	0.055703	2.0
1503487891577Bitfinex	ASK	0.055698	14.16155695
1503487896670Poloniex	BID	0.05564739	0.3251992
1503487896670Bitfinex	ASK	0.055648	14.16269655
1503489704554Bitfinex	BID	0.055202	0.34602261
1503489704554Poloniex	ASK	0.0553374	0.53657033
1503489704554Poloniex	ASK	0.05533734	9.63253627
1503489704554Poloniex	ASK	0.05526143	0.00821875
1503489704554Poloniex	ASK	0.05523984	0.01583797
1503489704554Poloniex	ASK	0.05520747	0.00293819
1503489704554Poloniex	ASK	0.0552073	90.56773289
1503489719757Bitfinex	BID	0.055202	0.35063756
1503489719757Poloniex	ASK	0.05533744	0.53657033
1503489736922Bitfinex	BID	0.055223	0.34142261
1503489736922Poloniex	ASK	0.05533748	0.53657033
1503489736922Poloniex	ASK	0.05533745	0.02170276
1503490402624Poloniex	BID	0.055273	0.00661534
1503490402624Poloniex	BID	0.05533749	6.8295802
1503490402624Bitfinex	ASK	0.055393	0.03452248
1503490499003Poloniex	BID	0.05527301	0.28968843
1503490499003Bitfinex	ASK	0.0553	1.9347373
1503490519385Poloniex	BID	0.05527301	0.28968843
1503490519385Bitfinex	ASK	0.0553	3.85703858
1503490577067Poloniex	BID	0.0553	0.54463637
1503490577067Bitfinex	ASK	0.055301	106.14877201
1503490622192Poloniex	BID	0.0553	0.54463637
1503490622192Bitfinex	ASK	0.055322	0.01026142
1503490622192Bitfinex	ASK	0.055321	37.549
1503490622192Bitfinex	ASK	0.05532	4.26478543
1503490828903Poloniex	BID	0.05531679	0.29977847
1503490828903Bitfinex	ASK	0.055382	0.14195733
1503490828903Bitfinex	ASK	0.05538	1.68276555
1503490828903Bitfinex	ASK	0.05537	4.26465342
1503490832845Poloniex	BID	0.05531679	0.29977847
1503490832845Bitfinex	ASK	0.055381	5.327
1503490891140Poloniex	BID	0.0553446	0.01244839
1503490891140Bitfinex	ASK	0.055401	0.047152150000000004
1503490891140Bitfinex	ASK	0.0554	1.68276555
1503490934129Poloniex	BID	0.05554893	4.93114728
1503490934129Poloniex	BID	0.05554895	0.91032182
1503490934129Bitfinex	ASK	0.05555	0.23453483
1503490986940Poloniex	BID	0.05555123	4.93114728
1503490986940Bitfinex	ASK	0.055583	0.01704211
1503491140690Poloniex	BID	0.05533426	0.18760259
1503491140690Bitfinex	ASK	0.0554	0.3756883
1503491992877Bitfinex	BID	0.055511	0.113601
1503491992877Bitfinex	BID	0.055512	13.643601
1503491992877Bitfinex	BID	0.055513	10.37439336
1503491992877Bitfinex	BID	0.055525	5.96639762
1503491992877Bitfinex	BID	0.055527	8.0
1503491992877Bitfinex	BID	0.055564	0.01763066
1503491992877Poloniex	ASK	0.0556	0.61619622
1503491994565Bitfinex	BID	0.05551	8.0
1503491994565Poloniex	ASK	0.0556	0.61619622
1503492056910Bitfinex	BID	0.055564	0.19247698
1503492056910Poloniex	ASK	0.0556	2.68046113
1503492343543Bitfinex	BID	0.055291	0.19080275
1503492343543Poloniex	ASK	0.0553168	4.424
1503492343543Poloniex	ASK	0.05529129	0.08857581
1503492910342Bitfinex	BID	0.0553	0.01001333
1503492910342Poloniex	ASK	0.05531679	4.51941804
1503494353166Bitfinex	BID	0.05535	0.271977
1503494353166Bitfinex	BID	0.055351	2.26890654
1503494353166Bitfinex	BID	0.055353	5.73109346
1503494353166Bitfinex	BID	0.055363	24.17305599
1503494353166Bitfinex	BID	0.05537	0.04
1503494353166Poloniex	ASK	0.05538	0.0079
